2998 4792
667 368 706 429 11

153 551 265 614 Aratio
301 547 442 612 carmine
477 545 541 606 orsi
576 543 724 627 sumus),
759 566 824 628 quo
863 551 1004 630 tempore
1045 549 1221 612 condiderit

153 659 320 742 significat.
389 651 483 727 Quod
516 658 622 716 autem
646 654 685 717 de
709 655 793 738 legg.
823 657 842 718 1.
871 677 898 721 c.
928 657 969 720 ad
992 655 1221 720 Phaenomena

153 775 288 849 tantum,
312 767 351 830 de
386 765 483 827 divin.
506 764 528 825 l.
553 782 578 824 o.
613 763 652 825 ad
683 763 893 847 Prognostica
922 770 1048 829 tantum
1076 768 1220 847 recurrit,

152 884 271 942 natura
293 895 404 940 rerum
433 875 574 936 1616166
599 871 802 937 diversarum
827 896 907 958 quas
943 880 1057 938 tractat
1091 875 1220 940 duobus

152 987 232 1050 locis
258 985 341 1049 effici
368 987 453 1067 puto.
507 980 624 1064 Neque
653 983 748 1045 etiam
776 985 974 1064 incredibile,
1008 991 1045 1048 ut
1080 990 1127 1048 est
1161 987 1220 1048 viri

154 1095 334 1158 doctissimi
358 1093 525 1168 sententia,
548 1091 630 1152 mihi
653 1109 721 1154 esse
744 1093 883 1174 videtur,
907 1093 1092 1157 Ciceronem
1117 1113 1142 1154 a.
1167 1095 1219 1155 44.

152 1207 187 1267 in
213 1225 262 1287 ep.
291 1205 329 1266 ad
352 1202 413 1265 Att.
430 1200 508 1262 XV.
536 1199 586 1264 re.
606 1200 633 1262 b.
658 1201 765 1264 verbis
790 1203 948 1285 ,equidem
973 1204 1068 1265 etiam
1092 1202 1220 1284 pluvias

149 1318 277 1390 metuo,
307 1315 334 1375 si
356 1311 567 1394 Prognostica
598 1315 706 1373 nostra
734 1331 810 1375 vera
845 1317 929 1375 sunt.
988 1310 1096 1374 Ranae
1132 1313 1218 1374 enim

153 1417 385 1508 ῥητορευόωιν1
411 1418 611 1501 significasse
645 1439 758 1501 poema
780 1423 814 1483 in
839 1419 1057 1483 adulescentia
1092 1440 1219 1503 compo-

154 1533 260 1594 situm.
306 1527 451 1591 Dubium
476 1530 562 1591 enim
586 1547 655 1592 esse
679 1550 745 1592 non
767 1533 880 1613 potest,
914 1531 1003 1612 quin,
1040 1534 1075 1592 ut
1099 1531 1219 1593 Aratus

150 1642 234 1702 inter
257 1637 404 1718 Graecos,
435 1639 479 1701 ita
505 1637 668 1702 Ciceronis
692 1641 835 1702 carmina
867 1641 951 1702 inter
973 1638 1137 1702 Romanos
1173 1639 1220 1701 di-

150 1749 370 1830 volgatissima
398 1747 529 1824 fuerint,
565 1767 639 1810 eum
675 1749 794 1810 inesset
829 1751 1055 1828 argumentum
1089 1749 1219 1811 omnino

149 1859 304 1942 populare
328 1857 437 1921 611116
460 1857 585 1939 primus
609 1857 694 1918 iuter
709 1855 869 1918 Romanos
885 1856 1093 1919 transtulerit.
1124 1856 1221 1920 Prae-

154 1974 243 2030 terea
265 1966 464 2030 monendum
490 1972 538 2028 est
560 1965 616 2028 illa
640 1965 739 2028 verba
762 1985 827 2028 non
851 1967 885 2027 in
909 1964 991 2027 libro
1014 1967 1072 2027 toti
1100 1966 1219 2048 populo

152 2077 279 2156 scripto,
296 2077 352 2138 sed
375 2077 409 2138 in
435 2076 570 2158 epistula
593 2074 792 2138 adAttioum
811 2074 1097 2138 familiarissimum
1121 2077 1221 2138 missa

155 2203 232 2263 esse,
265 2186 310 2247 ita
343 2190 378 2247 ut
409 2204 474 2246 non
507 2203 585 2266 opus
617 2189 702 2248 esset
735 2185 850 2248 diserte
890 2203 953 2267 quo
976 2189 1119 2267 tempore
1142 2184 1221 2247 Pro-

155 2295 300 2376 gnostica
325 2298 392 2356 orta
416 2299 522 2356 essent
545 2293 677 2357 adicere.
725 2293 786 2356 1116
811 2293 908 2356 verba
932 2298 1036 2356 autem
1061 2297 1095 2357 in
1117 2313 1165 2376 ep.
1180 2293 1220 2356 ad

152 2405 219 2465 Att.
242 2403 283 2464 Π.
310 2403 338 2464 l.
364 2403 414 2464 11.
440 2423 469 2466 a.
495 2402 548 2466 60.
574 2405 690 2485 scripta
711 2401 929 2486 ,Prognostica
956 2422 1028 2465 mea
1053 2421 1126 2464 cum
1152 2421 1219 2464 ora-

151 2513 305 2576 tiunculis
332 2513 518 2596 propediem
539 2511 700 2594 exspecta‘
721 2531 786 2574 non
808 2531 939 2576 necesse
963 2517 1010 2576 est
1034 2511 1073 2574 ad
1096 2531 1219 2574 novum

153 2622 263 2684 eodem
288 2622 343 2683 illo
367 2625 509 2704 tempore
536 2627 641 2685 ortum
665 2641 795 2684 carmen
818 2622 1008 2698 referantur,
1038 2620 1094 2684 sed
1128 2620 1219 2683 166116

151 2729 223 2792 fieri
245 2730 358 2811 potuit,
394 2735 431 2790 61
458 2731 586 2793 Α111666
620 2728 671 2816 (ei.
700 2731 866 2794 Fabricius
894 2731 968 2794 1.,6.
997 2751 1027 2813 p.
1057 2730 1106 2792 14.
1134 2728 1219 2792 Dru-

153 2857 295 2902 mannus
318 2837 341 2900 l.
365 2856 392 2901 c.
417 2857 447 2901 v.
464 2837 504 2902 V.
526 2859 555 2921 p.
584 2841 657 2906 222.
682 2841 754 2906 adn.
781 2836 858 2923 eu),
882 2859 955 2902 cum
980 2841 1088 2902 omnia
1112 2857 1218 2902 exem-

152 2949 253 3031 plaria
277 2946 564 3027 Prognosticorum
591 2946 872 3012 Ciceronianorum
897 2968 981 3031 quae
1006 2948 1219 3032 suppetebant

152 3058 284 3121 vendita
308 3060 426 3131 essent,
453 3055 492 3119 ab
517 3057 628 3138 amico,
644 3064 681 3120 ut
704 3058 791 3120 aliud
815 3060 957 3121 mitteret
978 3062 1113 3140 rogaret,
1131 3058 1217 3141 quod

156 3186 174 3228 a
196 3167 335 3230 librariis
366 3165 651 3248 multiplicaretur:
677 3169 729 3229 cui
752 3169 839 3250 preci
867 3167 977 3231 Cicero
1007 3187 1040 3231 66
1077 3168 1218 3231 66116166-

154 3283 265 3341 turum
289 3295 358 3340 esse
381 3277 417 3338 in
440 3275 495 3337 1116
519 3275 656 3358 epistula
679 3278 833 3358 promisit.

259 3385 356 3448 Nulla
389 3387 490 3469 igitur
525 3404 567 3448 ex
600 3404 635 3448 re
669 3383 878 3468 Prognostica
910 3387 1086 3469 posteriore
1116 3389 1218 3449 aetate

157 3495 331 3576 conscripta
365 3514 434 3559 6666
470 3493 553 3558 effici
587 3495 667 3557 mihi
690 3495 827 3576 videtur,
862 3500 894 3558 at
917 3500 1028 3558 contra
1051 3494 1217 3559 nonnullis

158 3601 197 3663 de
232 3605 335 3666 causis
369 3605 450 3667 illud
485 3623 614 3668 carmen
650 3610 686 3667 ut
719 3604 946 3668 Phaenomena
981 3605 1217 3668 adulescentiae

155 3708 396 3773 attribuendum
419 3731 488 3776 esse
512 3711 655 3777 arbitror.
703 3713 867 3778 Posterius
883 3717 968 3778 enim
990 3714 1099 3777 Cicero
1122 3713 1217 3776 intel-

153 3818 243 3895 lexit,
268 3819 405 3883 Aratum
427 3822 514 3885 haud
536 3824 582 3886 ita
606 3843 722 3904 magna
746 3823 880 3886 scientia
907 3825 942 3884 in
966 3822 1136 3904 astrologia
1159 3841 1217 3884 ex-

154 3928 268 3992 cellere
302 3949 409 4014 neque
443 3932 508 3996 ulla
541 3951 576 3996 re
611 3933 681 3996 eius
716 3933 858 3996 carmina
893 3933 957 3994 nisi
995 3936 1061 3994 arte
1093 3932 1217 4014 poetica

154 4042 320 4121 praestare,
349 4039 388 4105 61.
417 4040 456 4104 de
484 4046 560 4106 crat.
590 4043 617 4107 1.
654 4041 706 4104 16.
733 4042 787 4120 19;
822 4039 860 4102 de
883 4039 1007 4123 republ.
1032 4041 1058 4104 1.
1086 4038 1136 4106 14.
1162 4042 1213 4106 22.

154 4143 240 4220 Quae
256 4151 377 4214 iudicia
401 4152 527 4214 etiamsi
551 4151 681 4213 demum
705 4170 730 4212 a.
757 4150 806 4212 55.
832 4154 862 4213 et
881 4170 909 4213 a.
929 4151 978 4213 54.
1002 4150 1085 4234 feeit,
1109 4156 1216 4215 tamen

1004 4269 1020 4324 2
