2998 4792
710 220 751 282 41

200 398 313 465 scribis
347 399 484 482 gaudeo.
534 396 623 472 Quod
653 415 703 460 mc
727 397 880 462 admones
912 397 950 462 de
977 401 1087 462 nostra
1110 396 1263 482 Urania*)

201 510 384 592 suadesque
408 512 445 570 ut
460 507 660 570 meminerim
676 504 697 567 J
699 505 768 568 ovis
783 507 961 569 orationem
980 525 1062 590 quae
1086 512 1134 572 est
1156 509 1191 570 in
1208 527 1264 572 ex·

199 623 300 682 tremo
314 617 369 680 illo
381 616 478 679 libro:
498 633 555 698 ego
575 635 650 678 vero
663 615 796 678 memini
809 619 841 678 et
860 612 914 675 illa
937 615 1045 676 omnia
1062 617 1141 680 mibi
1162 619 1265 700 magis

199 727 317 810 scripsi
341 745 437 808 quam
463 724 593 788 ceteris}
628 722 752 787 Eodem
776 727 917 806 spectare
932 723 1083 788 videntur
1097 725 1174 791 ibid.
1199 725 1263 808 §b

199 839 237 919 ,si
266 835 447 922 perficiunt,
481 835 606 917 optime.
654 833 712 897 Sin
746 835 867 898 minus:
898 834 939 896 ad
971 840 1120 898 nostrum
1148 835 1263 900 Jovem

199 944 423 1009 revertemur}
478 943 625 1006 Carmine
658 943 725 1023 jam
761 943 900 1024 perfecto
937 944 972 1006 in
1010 944 1263 1009 secundo'libro

201 1053 311 1118 Cicero
347 1055 523 1138 episodium
558 1054 761 1136 interponere
794 1054 829 1114 in
864 1055 971 1116 animo
1005 1053 1163 1135 babebat,
1201 1073 1264 1137 quo

200 1164 315 1246 Apollo
342 1165 375 1226 in
398 1183 552 1228 consessu
587 1163 720 1225 deorum
743 1163 979 1242 vaticinaretur,
1020 1164 1125 1246 qualis
1149 1163 1264 1228 Gabini

200 1279 233 1336 et
256 1273 390 1355 Pisonis,
419 1273 653 1336 invidiosorum
683 1272 809 1334 illorum
836 1271 982 1336 Ciceroni
1005 1274 1181 1348 hominum,
1216 1292 1265 1336 re-

200 1384 285 1446 ditus
308 1402 348 1446 ex
371 1382 547 1465 provinciis
562 1380 692 1444 futurus
711 1387 803 1462 esset,
827 1381 865 1444 ct.
890 1383 929 1446 ad
955 1381 989 1457 Q.
1016 1382 1054 1448 fr.
1079 1382 1139 1446 III.
1167 1381 1192 1444 1.
1211 1384 1263 1448 23.

194 1494 240 1574 (a.
268 1491 349 1578 54.):
379 1494 497 1575 ,itaque
520 1490 693 1554 mirificum
720 1486 873 1572 ἐμβόλων
896 1491 999 1572 cogito
1022 1493 1057 1554 in
1080 1492 1263 1556 secundum

194 1621 343 1666 meorum
367 1601 525 1664 librorum
547 1599 729 1680 includere,
744 1600 902 1662 dicentem
927 1599 1109 1682 Apollinem
1131 1602 1165 1663 in
1189 1621 1263 1666 cou-

194 1712 271 1774 cilio
287 1711 432 1790 deorum,
456 1709 560 1791 qualis
583 1708 705 1772 reditus
720 1708 860 1772 duorum
882 1709 1111 1791 imperatorum
1134 1710 1264 1776 futurus

198 1824 293 1898 esset,
327 1838 463 1900 quorum
500 1819 579 1880 alter
613 1819 791 1882 exercitum
814 1818 1011 1900 perdidisset,
1046 1819 1125 1882 alter
1152 1821 1264 1884 vendi·

201 1925 321 1990 disset*
370 1926 527 1990 Gabinius
549 1928 646 2004 enim,
683 1927 739 2011 qui
762 1927 887 2008 Syriam
911 1929 1110 2010 provinciam
1133 1931 1264 1994 sortitus

199 2041 278 2118 erat,
303 2037 414 2100 decem
437 2035 569 2100 milibus
586 2038 740 2100 talentum
764 2038 901 2120 acceptis
925 2058 952 2101 a.
973 2039 1024 2101 55.
1044 2038 1263 2102 Ptolemaeum

200 2146 353 2210 Auletam
377 2146 520 2240 exercitu
555 2146 679 2209 adiuvit
706 2148 806 2231 inque
841 2166 977 2230 regnum
1009 2148 1157 2227 restituit,
1194 2147 1264 2212 Cal-

196 2257 293 2338 purni
328 2261 435 2320 autem
463 2254 586 2317 Pisonis
619 2257 735 2319 inertia
758 2261 855 2338 atque
884 2257 1029 2320 socordia
1061 2256 1181 2320 factum
1208 2263 1264 2338 est,

197 2367 234 2425 ut
267 2365 301 2426 in
324 2362 544 2428 Macedoniam
569 2368 778 2449 provinciam,
812 2385 895 2448 quae
919 2367 949 2429 ei
972 2365 1138 2449 obtigerat,
1168 2365 1264 2430 Thra·

200 2490 274 2533 cum
296 2480 408 2554 gentes
432 2493 465 2536 se
488 2474 690 2539 effunderent
714 2479 958 2558 exercitumque
980 2474 1162 2538 Romanum
1188 2495 1264 2540 con·

202 2577 338 2642 ficerent.

306 2708 498 2792 Fragmenta
528 2730 570 2774 ex
594 2715 733 2775 carmine
767 2714 815 2793 ,de
850 2714 1049 2796 temporibus
1084 2715 1173 2777 meis*
1199 2733 1263 2778 non

206 2822 329 2880 exstant
352 2825 478 2902 praeter
500 2839 603 2884 unum
627 2822 759 2885 fortasse
783 2821 875 2884 illum
898 2841 1029 2885 versum

360 2950 387 3014 ,o
412 2929 614 3016 fortunatam,
638 2938 745 2995 natam
768 2950 820 2994 mo
844 2932 976 2996 consule
999 2931 1155 3010 Romam,l

209 3040 344 3120 quinon
369 3043 479 3104 minus
512 3047 597 3105 recte
620 3043 668 3104 illi
700 3042 839 3124 poemati
863 3041 902 3104 de
925 3043 1096 3106 consulatu
1125 3041 1264 3106 adscribi

208 3153 308 3231 potest,
332 3167 408 3214 cum
424 3169 587 3233 nusquam
604 3153 638 3214 in
659 3155 730 3213 utro
749 3151 890 3214 carmine
907 3153 1031 3234 positus
1052 3153 1149 3216 fuerit
1165 3153 1263 3235 signi-

209 3253 319 3324 ficetur.
367 3260 404 3323 In
440 3261 527 3324 bunc
550 3281 682 3326 versum
711 3263 836 3343 praeter
864 3261 1091 3343 cacophoniam
1115 3261 1264 3324 homoeo-

214 3365 317 3444 teleuti‚
352 3391 448 3451 quam
474 3371 694 3447 Quintilianus
728 3373 805 3434 inst.
830 3376 906 3434 orat.
931 3367 991 3435 IX.
1016 3373 1046 3434 4.
1073 3372 1124 3434 41.
1159 3391 1264 3454 repre

216 3469 320 3556 hendit,
352 3480 525 3544 adversarii
548 3503 615 3546 non
644 3482 754 3544 minus
778 3499 875 3562 quam
910 3481 945 3542 in
968 3479 1060 3543 illum
1086 3501 1127 3544 ex
1151 3499 1264 3543 consu-

217 3579 275 3642 latu
298 3591 423 3668 propter
450 3594 663 3673 arrogantiam
686 3591 849 3654 Ciceronis
885 3590 1006 3652 invecti
1029 3593 1113 3653 sunt.
1160 3587 1264 3651 Cavil-

219 3687 292 3754 lator
314 3693 368 3756 illa
402 3697 498 3760 verba
527 3698 548 3761 J
551 3701 697 3763 uvenalis
725 3700 767 3765 X.
793 3697 865 3761 114.
899 3717 969 3780 sqq.
994 3702 1024 3760 et
1053 3699 1188 3781 scriptor
1215 3699 1264 3760 in-

222 3802 342 3866 veotirae
370 3801 447 3870 Sall.
479 3806 514 3867 in
550 3805 614 3871 Oic.
642 3810 673 3876 3,
708 3811 753 3890 5.,
782 3808 873 3871 affert
899 3811 1064 3890 praeterea
1092 3805 1263 3872 Diomedes

230 3959 416 3976 ’‘Qu——

283 4034 365 4103 *leodi
375 4039 587 4110 habent,denon
594 4042 729 4097 curantia‘
739 4039 1002 4107 ,nostraUrania‘est
1009 4042 1114 4095 vetusta
1122 4042 1259 4098 eorrectio.
