2998 4792
645 1265 773 1366 Vita.

283 1586 527 1651 Maximilianus
552 1585 714 1649 Grollmus
741 1588 839 1648 natus
868 1603 939 1646 sum
969 1603 997 1647 a.
1031 1582 1060 1648 d.
1092 1583 1151 1648 III.
1189 1583 1238 1649 Id.

177 1697 263 1781 Sept.
290 1717 318 1761 a.
341 1698 371 1759 h.
396 1716 422 1760 s.
444 1693 564 1758 LXIV.
588 1693 759 1758 Sartovicii
790 1694 824 1755 in
855 1693 986 1776 praedio
1011 1692 1150 1775 quodam
1177 1691 1243 1755 Bo·

176 1806 301 1869 russiae
325 1804 533 1869 occidentalis
556 1809 644 1887 patre
667 1801 814 1885 Ernesto,
830 1822 926 1886 quem
942 1802 1058 1865 athne
1073 1801 1138 1864 iam
1162 1801 1240 1864 duo-

180 1913 342 1996 deviginta
365 1932 466 1977 annos
489 1918 589 1978 morte
612 1917 759 1996 ereptum
779 1890 852 1976 esse
876 1911 977 1993 doleo,
1001 1916 1102 1975 matre
1125 1909 1243 1974 Emma

179 2026 315 2107 egente
340 2020 500 2104 Scheiiler,
528 2043 592 2105 qua
614 2022 719 2086 adhuc
751 2023 920 2106 superstite
947 2021 1081 2104 gaudeo.
1128 2018 1240 2083 Fidem

179 2130 330 2214 profiteor
353 2132 581 2214 evangelicam.
626 2131 710 2194 Vere
740 2151 766 2194 a.
794 2131 824 2195 h.
852 2151 874 2196 s.
901 2129 1056 2195 LXXIII.
1088 2130 1152 2193 adii
1184 2150 1244 2212 gy·

181 2242 343 2304 muasIum
357 2238 618 2324 Grandeutiense‚
629 2241 714 2324 quod
726 2259 784 2324 ρετ
796 2240 905 2306 decem
925 2261 1026 2305 anuos
1037 2239 1243 2322 frequentavi

180 2349 241 2414 sub
277 2349 431 2434 auspiciis
464 2349 555 2431 prius
588 2351 629 2416 A.
664 2349 876 2434 Hagemanni‚
910 2354 980 2412 tum
1015 2348 1057 2413 H.
1091 2346 1244 2411 Kretsch·

181 2460 289 2522 manni
312 2459 456 2522 virorum
481 2459 751 2523 doctissimorum.
796 2459 883 2522 Vere
907 2478 933 2520 a.
957 2458 987 2520 lr.
1012 2477 1037 2523 S.
1053 2455 1242 2520 LXXXIII.

183 2569 371 2631 maturitatis
395 2569 617 2632 testimonium
649 2568 783 2652 adeptus
817 2569 1004 2636 Berolinum
1037 2586 1089 2630 me
1112 2565 1245 2647 contuli,

184 2681 219 2738 ut
242 2676 348 2740 studio
371 2677 555 2758 linguarum
576 2680 792 2742 recentiorum
814 2679 1008 2743 medatem:
1035 2696 1113 2742 mox
1136 2679 1242 2738 autem

183 2786 317 2849 consilio
350 2791 472 2850 mutato
507 2787 547 2850 ad
571 2787 796 2868 antiquitatem
830 2790 955 2852 transii.
1011 2786 1073 2849 Per
1101 2787 1245 2868 quiaque

184 2896 349 2984 semestria
392 2895 438 2958 ibi
484 2896 593 2959 audivi
633 2895 758 2959 scholas
802 2897 946 2960 virorum
985 2896 1243 2959 doctissimorum

188 3004 329 3084 liertiae,
356 3004 455 3085 Diels,
488 3005 652 3086 Huebacr,
675 3004 715 3068 A.
740 3003 919 3088 Kirclalaoff,
944 3005 1095 3084 Paulson,
1118 3003 1243 3084 Itobcrt,

187 3113 317 3177 Scauro
340 3114 372 3197 †‚
404 3112 532 3194 Vahlen,
549 3114 658 3178 Zella.
706 3114 758 3177 Ad
775 3116 1019 3180 exercitationes
1035 3114 1244 3199 philologicas

184 3222 314 3286 admiSit
337 3241 388 3286 me
412 3221 538 3285 Vahlen
560 3243 618 3307 per
641 3244 753 3307 unum,
783 3223 873 3288 Diels
900 3243 957 3310 ρετ
985 3224 1049 3288 duo
1073 3223 1247 3304 semestria,

184 3333 224 3395 ad
259 3332 505 3396 exercitationes
537 3333 757 3417 epigraphIcas
792 3333 828 3398 Α.
853 3332 1021 3396 Kirchhoff
1051 3352 1109 3415 per
1141 3351 1243 3394 unum

186 3447 347 3508 semestre.
394 3442 564 3506 Autumno
588 3463 615 3505 a.
639 3444 668 3507 h.
695 3464 720 3508 s.
744 3441 904 3506 LXXXV
935 3443 1161 3526 transmigravi
1183 3439 1247 3504 Re·

185 3550 385 3632 gimontium,
407 3550 465 3614 ubi
487 3569 546 3633 per
569 3557 722 3634 quattuor
745 3553 910 3616 semestria
933 3550 1064 3614 interfui
1081 3551 1132 3613 vel
1147 3553 1245 3613 inter-

186 3677 260 3721 sum
284 3658 401 3722 scholis
426 3663 566 3724 vimrum
592 3661 849 3726 doctissimorum
872 3661 1090 3738 mandanda,
1111 3659 1247 3723 Hirsch-

184 3765 257 3850 feld,
281 3766 406 3830 Jordan
429 3769 461 3853 †,
490 3769 657 3852 Iardwich,
694 3770 824 3852 Sakada,
862 3771 974 3850 natea,
1010 3769 1136 3833 Walter.
1182 3767 1246 3830 Hic

185 3897 241 3961 per
265 3882 417 3961 quattuor
448 3881 612 3944 semestria
635 3880 754 3944 sodalIs
783 3881 963 3943 ordinarius
987 3898 1059 3942 sum
1082 3879 1246 3942 seminarii

186 3989 265 4069 rogii
286 3987 482 4072 philologici,
505 4009 562 4074 per
586 3990 651 4053 duo
675 3990 841 4052 semestria
872 3987 1036 4052 seminarii
1063 3988 1144 4070 regii
1169 3985 1246 4050 Ger-

187 4100 312 4164 manici.
