2998 4792
778 355 821 416 48

266 529 398 592 collecte
436 534 541 594 erant:
580 530 670 593 velut
709 530 741 593 C.
774 529 973 594 Trebonium
1007 536 1039 594 61
1071 530 1220 597 Tironem
1251 538 1341 601 teies

265 639 366 702 libros
389 641 608 722 composuisse
632 645 743 702 notum
767 645 822 703 cst.
845 675 890 687 -

373 747 578 812 Obscoenum
603 749 766 831 quoddam
788 751 822 811 in
845 749 996 813 Tironem
1025 753 1223 834 epigramma
1245 753 1338 818 Cice-

266 877 378 920 ronem
402 858 584 920 condidisse
607 857 734 921 Plinius
769 878 817 942 ep.
853 859 927 922 VII.
953 860 985 921 4.
1011 861 1041 925 3.
1065 861 1163 924 tradit
1198 865 1341 948 eiusque

266 974 495 1049 argumentum
532 968 645 1032 leviter
682 968 854 1050 significat:
895 969 1092 1052 deprompsit
1139 978 1247 1035 autem
1293 994 1339 1037 ex

267 1075 301 1142 C.
325 1078 421 1140 Asini
445 1077 528 1140 Galli
551 1077 631 1140 libro
656 1077 703 1156 ‚de
727 1079 963 1160 comparatione
986 1081 1086 1161 patris
1103 1085 1135 1144 et
1151 1079 1338 1146 Ciceronis*

266 1186 374 1270 Ipsius
398 1187 497 1250 verba
520 1193 611 1249 sunt:
641 1184 842 1267 ,legebantur
874 1189 909 1250 in
932 1187 1131 1252 Laurentino
1155 1193 1237 1254 mihi
1259 1193 1339 1256 libri

266 1298 362 1359 Asini
387 1295 469 1359 Galli
494 1295 533 1358 de
557 1297 794 1378 comparatione
821 1298 920 1378 patris
943 1303 974 1361 et
991 1297 1168 1362 Ciceronis.
1216 1300 1340 1364 incidit

268 1409 463 1488 'epigramma
487 1403 652 1468 Ciceronis
674 1407 709 1467 in
732 1405 880 1469 Tironem
904 1426 1009 1472 suum.
1056 1407 1142 1472 Dein
1167 1430 1243 1473 oum
1268 1431 1337 1474 me·

266 1516 345 1578 ridie
368 1514 449 1598 (erat
473 1516 559 1578 enim
593 1514 708 1599 aestas)
744 1516 942 1580 dormiturus
976 1537 1027 1581 mc
1059 1521 1247 1602 recepissem
1272 1539 1337 1581 nec

267 1624 433 1707 obreperet
456 1645 599 1707 somnne,
622 1626 713 1708 coepi
735 1628 881 1708 reputare
913 1629 1075 1692 maximos
1110 1631 1250 1691 oratores
1272 1624 1335 1687 hoc

267 1734 367 1797 studii
397 1753 503 1818 genus
527 1735 614 1798 etin
638 1733 905 1800 oblectationibus
928 1735 1080 1801 habuisse
1115 1742 1146 1800 61
1179 1737 1214 1798 in
1238 1735 1334 1798 laude

267 1845 423 1926 posuisse.
470 1843 600 1907 Intendi
624 1845 770 1908 animum
798 1851 973 1928 contraque
1009 1849 1193 1930 opinionem
1228 1863 1333 1907 meam

267 1957 338 2034 post
376 1953 505 2034 longam
545 1952 790 2018 desuetudinem
828 1974 983 2038 perquam
1022 1958 1141 2039 exiguo
1180 1954 1335 2036 temporis

266 2067 430 2126 momento
453 2063 487 2125 id
503 2063 622 2143 ipsum,
646 2061 733 2142 quod
749 2083 801 2126 me
818 2064 1080 2128 adscribendum
1099 2065 1336 2144 sollicitaverat,

267 2171 317 2235 his
341 2171 488 2234 versibus
512 2171 658 2233 exaravi:

313 2299 393 2363 ,curn
418 2280 518 2351 libros
543 2277 627 2342 Galli
649 2278 798 2362 legerem,
824 2278 943 2361 quibus
965 2279 1020 2340 ille
1043 2283 1167 2360 parenti

313 2409 412 2455 ausus
437 2391 476 2455 de
500 2388 651 2453 Cicerone
676 2387 750 2452 darc
774 2393 823 2452 est
844 2388 1047 2471 palmamque
1069 2386 1241 2468 decusque,

312 2503 471 2564 lascivum
494 2499 605 2562 inveni
628 2498 740 2561 lusum
764 2497 926 2560 Ciceronis
950 2500 981 2558 et
1002 2495 1058 2557 illo

313 2611 524 2693 spectandum
546 2609 688 2690 ingenio,
713 2627 776 2690 qno
801 2607 884 2670 serie
907 2605 1050 2668 condidit
1074 2609 1105 2668 et
1129 2623 1192 2687 quo

312 2720 464 2782 humanis
489 2715 612 2782 salibus
635 2719 736 2780 multo
760 2719 915 2801 varioque
938 2717 1046 2799 lepore

314 2848 505 2911 magnorum
530 2828 670 2891 ostendit
694 2833 818 2892 mentes
841 2827 983 2911 gaudere
1006 2827 1159 2889 virorum.

313 2937 396 3002 Nem
421 2939 576 3020 queritur,
601 2938 687 3021 quod
709 2938 824 3003 fraude
856 2939 940 3002 male
966 2939 1140 3001 trustratus
1173 2938 1331 2998 amantem

313 3048 453 3130 paucula
477 3052 589 3110 cenato
614 3047 678 3111 sibi
701 3048 808 3112 dedita
832 3050 921 3112 savia
940 3047 1013 3110 'liro

313 3162 455 3239 tempore
479 3161 637 3219 nocturno
663 3155 869 3226 subtraxerit
915 3157 977 3222 His
1001 3175 1059 3240 ego
1082 3155 1174 3219 lectis

316 3287 382 3350 ,cur
404 3271 477 3349 post
499 3266 587 3346 haec,
610 3267 757 3350 inquam,
780 3273 908 3332 nostros
932 3269 1070 3331 celamus
1094 3281 1218 3326 amores

315 3378 510 3459 nullumque
532 3376 567 3438 in
591 3375 738 3439 medium
762 3378 867 3440 timidi
891 3377 1006 3440 damus
1029 3377 1124 3455 atque
1147 3370 1287 3434 fatemur

314 3489 504 3570 Tironisque
528 3485 627 3567 dolos,
649 3485 775 3550 Tironis
798 3505 894 3549 nosse
916 3484 1047 3568 fugaces

316 3599 487 3664 blanditias
512 3601 542 3660 et
565 3595 651 3659 furta
674 3613 776 3658 novas
800 3594 950 3658 addentia
974 3589 1152 3657 1111111661ς

378 3708 526 3772 Fortasse
562 3705 622 3768 hcc
658 3708 691 3768 61
725 3705 787 3767 alie
821 3707 966 3768 carmina
1003 3704 1121 3768 erotica
1162 3689 1333 3778 Ciceronis,

274 3839 412 3903 quorum
435 3817 517 3880 nihil
540 3819 653 3896 exstat,
676 3814 762 3879 idem
789 3813 917 3878 Plinius
939 3815 973 3877 in
997 3814 1104 3876 animo
1129 3808 1232 3890 habet
1260 3827 1332 3871 cum

275 3931 313 3993 de
336 3927 506 3992 versiculis
529 3945 645 4010 parum
668 3925 788 3988 severis
812 3925 890 3988 dicit
905 3924 964 4007 (ep.
988 3923 1026 3990 V.
1052 3927 1079 3984 3.
1105 3919 1162 4002 5.):
1188 3916 1254 3999 ‚sed
1277 3935 1332 3997 ego

274 4057 395 4121 verear,
418 4057 459 4101 ne
481 4056 533 4100 mc
549 4055 615 4099 non
639 4036 716 4098 satis
741 4034 858 4116 deccat,
882 4033 968 4117 quod
992 4031 1101 4095 decuit
1118 4027 1162 4095 M.
1186 4025 1334 4107 Tullium,

275 4149 308 4214 C.
332 4149 467 4214 Calvum
476 4194 683 4214 ..........
692 4143 701 4176 ³
