2998 4792
709 319 749 382 27

198 493 415 558 adulescentia
436 497 471 558 in
507 515 609 579 eaque
638 499 723 562 inter
755 519 783 562 a.
808 497 958 574 86-83.,
981 492 1004 559 i.
1028 515 1053 560 e.
1072 496 1156 559 inter
1178 495 1261 559 Mari

198 608 332 667 mortem
358 609 389 668 et
412 603 519 668 Sullae
543 623 584 668 ex
609 605 743 670 Graecia
775 608 914 670 reditum
943 606 1156 688 compositum
1181 623 1258 670 esse.

306 712 454 776 Carmina
479 733 560 797 quae
592 716 696 780 adhuc
719 717 862 798 tractavi,
891 716 958 778 sive
983 714 1069 798 quod
1099 715 1138 776 ad
1163 711 1260 777 Grae·

199 841 312 886 eornm
344 821 491 905 exempla
524 830 694 888 recurrunt
727 827 794 888 sive
838 825 924 908 qnod
955 824 1041 907 apud
1075 824 1260 887 Ciceronem

199 934 307 1014 ipsum
338 933 457 996 indicia
492 953 554 1017 quo
590 940 732 1017 tempore
763 937 829 998 sint
860 935 1003 998 confecta
1039 933 1260 1015 inveniuntur,
1370 1010 1373 1018 Ι

201 1043 270 1106 eius
294 1042 532 1106 adulescentiae
560 1044 703 1107 attribui.
750 1043 908 1108 Venimus
938 1062 1027 1106 nuno
1055 1043 1096 1106 ad
1120 1044 1261 1105 carmina
1291 1010 1408 1130 pffffl

200 1151 374 1234 posteriore
398 1153 468 1216 eius
492 1157 690 1236 aetatepost
713 1153 853 1217 reditum
884 1172 926 1216 ex
960 1152 1093 1216 Graecia
1116 1152 1433 1262 Asmqueffl

201 1261 336 1325 Condita.
1289 1295 1415 1343 composita.

307 1371 355 1433 Ao
388 1373 530 1453 primum
563 1372 693 1453 quidem
725 1373 764 1436 de
794 1373 934 1436 carmine
959 1372 1045 1455 quod
1069 1373 1261 1454 inscriptum
1470 1354 1471 1365 ¹

202 1485 268 1544 erat
291 1479 424 1563 ,Limon
450 1499 545 1564 agere
568 1481 647 1543 mihi
669 1481 774 1545 liceat.
824 1481 925 1545 Cuius
952 1483 1109 1564 poematis
1132 1481 1261 1544 nullum
1376 1534 1377 1538 ,

199 1591 263 1653 nisi
286 1610 391 1654 unum
413 1591 635 1654 testimonium
659 1593 798 1655 occurrit
822 1591 906 1674 apud
923 1591 1113 1656 Suetonium
1137 1592 1172 1652 in
1195 1591 1261 1652 vita
1270 1608 1435 1675 Q-

198 1699 324 1762 Terenti
354 1701 391 1781 b,
422 1699 479 1762 ubi
504 1700 581 1763 haec
604 1700 769 1784 leguntur:
817 1701 936 1783 ⁷Cicero
969 1701 1003 1762 in
1026 1697 1165 1763 Limone
1188 1701 1261 1762 hac-

198 1813 294 1873 tenus
316 1809 443 1872 laudat:

307 1918 362 1999 ,Tu
386 1937 516 2001 quoque
541 1921 598 2000 qui
621 1919 711 1982 solus
735 1919 816 1983 lecto
840 1937 997 1999 sermone,
1018 1918 1155 2000 Terenti,

308 2045 498 2091 conversum
522 2047 775 2112 expressumque
797 2028 911 2092 Latina
943 2049 1021 2093 voce
1045 2027 1259 2092 Menandrum

307 2138 342 2198 in
366 2137 510 2200 medium
534 2137 627 2201 nobis
651 2139 770 2202 sedatis
793 2139 935 2203 motibus
960 2139 1062 2221 affers,

308 2247 461 2330 quiddam
477 2266 566 2310 come
582 2248 719 2331 loquens
735 2255 832 2331 atque
849 2250 957 2312 omnia
973 2249 1080 2312 dulcia
1094 2228 1259 2313 miscens*

305 2355 464 2420 Nonnulli
502 2376 621 2420 nomen
661 2357 795 2440 ‚Limon‘
831 2362 966 2420 mutant.
1023 2357 1124 2420 Velut
1158 2357 1260 2420 Andr.

199 2465 362 2530 Schottius
386 2468 482 2548 (modi
498 2465 607 2531 Cicer}
632 2467 730 2531 LIII.
749 2487 774 2530 c.
794 2466 834 2529 10
852 2488 882 2549 p.
902 2468 988 2545 352.)
1011 2467 1134 2529 mavult
1156 2467 1262 2547 legere

201 2576 243 2654 ‚in
266 2575 408 2655 Libone,
431 2579 476 2639 ita
499 2582 536 2641 ut
560 2597 689 2641 carmen
713 2578 753 2640 ad
776 2577 959 2640 Terentium
983 2575 1137 2640 Libonem
1163 2595 1263 2659 quen-

202 2683 275 2744 dam
298 2683 520 2766 Fregellanum
546 2691 674 2768 spectet,
699 2687 850 2770 Ungerus
875 2685 1133 2766 (subsicivorum
1158 2688 1263 2769 capita

201 2791 271 2854 tria‘
295 2791 479 2855 Brandenb.
502 2793 582 2857 Nor.
609 2796 704 2858 1854.
730 2815 760 2876 p.
779 2797 823 2877 3.)
847 2797 996 2878 proponit
1012 2797 1054 2876 ,in
1071 2795 1172 2857 Lino}
1200 2795 1262 2858 Sed

202 2903 333 2965 omnino
356 2921 422 2964 non
446 2903 639 2966 mutandum
667 2908 724 2967 est.
770 2902 905 2979 ,Limon‘
934 2905 1059 2986 saepius
1086 2903 1186 2968 libros
1213 2906 1263 2966 in-

202 3013 336 3094 scriptos
368 3012 469 3076 fuisse
496 3017 655 3076 testantur
678 3011 804 3075 Plinius
828 3011 885 3093 (N.
907 3011 947 3074 H.
970 3014 1069 3095 praef.
1093 3015 1111 3096 ᾗ
1136 3015 1200 3101 24.)
1232 3020 1263 3079 et

203 3119 324 3185 Gellius
348 3121 399 3206 (N.
423 3124 461 3186 A.
486 3123 585 3206 praef.
609 3122 703 3206 ἑὰ),
729 3124 785 3205 qui
807 3122 926 3185 ibidem
943 3123 1043 3186 multa
1059 3125 1122 3187 alia
1145 3125 1263 3188 similia

201 3237 232 3294 et
253 3231 375 3296 Graeca
392 3239 422 3297 et
438 3231 553 3296 Latina
570 3233 700 3296 nomina
717 3231 865 3296 afferunt.
888 3231 1058 3296 Praeterea
1074 3234 1262 3317 Pamphilus

200 3345 429 3426 grammaticus
451 3342 697 3406 Alexandrinus
728 3343 780 3423 (of.
810 3341 923 3406 Suidas
955 3363 980 3406 e.
1008 3364 1037 3406 r.
1067 3339 1262 3432 Πάμφιλος)

204 3471 283 3534 opus
306 3454 362 3517 illo
386 3453 481 3516 titulo
505 3453 648 3535 praefixo
666 3454 865 3536 conscripsit.
911 3455 943 3515 A
965 3453 1121 3516 Romanis
1144 3471 1261 3515 nomen

202 3559 284 3622 illud
307 3568 469 3646 receptum
494 3563 692 3627 adverbum
716 3583 794 3626 vooe
817 3562 921 3646 ‚prati‘
945 3563 1106 3626 redditum
1137 3571 1193 3640 est,
1221 3559 1260 3622 cf.

204 3668 284 3733 Geli.
317 3671 339 3732 l.
375 3690 410 3753 c,
444 3677 475 3734 et
501 3672 693 3736 Suetonium
724 3679 838 3736 notum
873 3678 920 3736 est
953 3675 1058 3736 maius
1101 3670 1262 3753 quoddam

204 3799 284 3864 opus
303 3781 348 3842 ita
363 3780 572 3862 inscripsisse.
611 3781 655 3843 Ut
671 3800 712 3844 ex
728 3783 760 3842 vi
777 3781 876 3862 verbi,
892 3777 1023 3863 λειμώνε
1048 3781 1108 3861 vel,
1124 3779 1261 3862 pratum‘

204 3889 430 3953 coniciendum
455 3894 510 3970 est,
542 3890 655 3952 talium
693 3889 848 3954 librorum
884 3895 1112 3974 argumentum
1144 3887 1264 3952 diversi

205 4005 235 4061 et
257 4001 340 4062 varii
362 3999 491 4082 generis
515 4003 583 4061 erat
607 3995 658 4082 (cf.
684 3999 772 4064 Suid.
803 4000 824 4062 l.
853 4021 877 4062 e.
909 4000 947 4062 de
975 3997 1137 4080 Pamphili
1164 3997 1261 4061 libro:

205 4105 284 4190 ,ἔστι
314 4108 349 4173 δὲ
385 4105 549 4175 ποικίλων
587 4105 762 4197 περιοχή).
817 4108 931 4190 Neque
961 4106 1173 4190 improbabile
1207 4113 1262 4188 est,
