2998 4792
744 373 786 435 46

235 557 354 620 tionem
378 551 537 618 celebrare
563 551 739 631 constituit,
762 555 797 613 ut
821 551 957 631 videtur,
992 551 1133 614 carmine
1167 548 1296 634 epico.*)

235 663 327 739 Quod
356 662 488 726 fortasse
516 665 552 724 ut
586 661 722 724 celerius
757 658 968 724 conficeretur
1002 664 1059 724 aut
1092 659 1156 722 alia
1188 660 1299 724 nescio

235 793 299 856 qua
323 773 362 835 de
385 790 482 834 causa
505 767 646 845 Quintus
670 790 688 832 a
712 767 820 831 Marco
849 770 971 851 petivit,
1000 774 1037 832 ut
1072 767 1219 832 versibus
1253 769 1299 831 fa-

235 881 357 944 ciendis
392 899 426 943 se
461 880 638 943 adiuvaret.
714 877 788 941 Non
819 878 911 942 aliter
944 878 1194 962 intelligendum
1228 897 1298 942 esse

235 991 314 1054 mihi
338 990 473 1071 videtur,
499 1009 596 1071 quam
621 992 707 1050 certa
732 987 869 1070 quadarn
908 987 947 1050 de
981 992 1071 1070 parte
1107 989 1166 1070 agi,
1203 1007 1299 1070 quam

235 1099 365 1163 Marcus
393 1094 543 1163 versibus
578 1102 832 1180 persequeretur,
867 1101 903 1160 ut
928 1095 1041 1171 Quinti
1074 1098 1176 1180 ipsius
1211 1099 1301 1180 operi

236 1210 473 1292 adiungeretur.
531 1207 661 1270 Marcus
685 1207 773 1288 quod
796 1206 892 1270 frater
914 1205 1046 1289 rogabat
1075 1225 1109 1270 se
1138 1207 1301 1269 facturum

236 1338 306 1382 esse
329 1315 543 1401 promisit**);
568 1317 624 1380 sed
639 1315 754 1378 iisdem
778 1316 818 1379 de
845 1317 961 1397 causis,
990 1313 1109 1397 quihus
1141 1316 1302 1380 adductus

237 1447 367 1491 carmen
390 1425 609 1490 adCaesarem
633 1424 745 1488 eodem
763 1425 819 1488 illo
843 1432 984 1507 ternpore
1000 1425 1163 1505 inciderat,
1180 1425 1301 1488 factum

237 1543 293 1618 est,
316 1541 353 1599 ut
374 1537 531 1619 promisso
555 1554 618 1597 non
644 1539 748 1598 staret.
796 1534 906 1600 Fratre
934 1535 1032 1598 semel
1060 1541 1156 1617 atque
1183 1537 1303 1598 iterum

237 1651 371 1728 urgente
396 1646 532 1727 saepius,
556 1643 643 1728 quod
667 1645 736 1708 eius
760 1645 917 1709 voluntati
945 1664 1011 1708 non
1040 1643 1244 1725 satisfaceret,
1268 1662 1302 1706 se

237 1760 381 1838 excusat,
415 1775 489 1819 cum
521 1755 634 1818 ceteris
667 1755 732 1818 iilis
761 1756 866 1818 causis
900 1754 951 1838 (cf.
988 1775 1018 1837 p.
1044 1747 1110 1833 44.)
1139 1753 1244 1835 adicit,
1268 1754 1303 1815 in

238 1873 305 1932 arte
327 1867 450 1950 poetica
473 1866 563 1928 fratri
585 1866 707 1948 priores
729 1868 836 1948 partes
852 1885 886 1929 se
902 1859 1154 1945 concedere.***)
1203 1859 1303 1937 Quin·

238 1981 334 2040 tusne
365 1977 452 2041 solus
484 1976 554 2037 sine
582 1975 705 2037 auxilio
740 1974 846 2037 fratris
881 1993 1012 2037 carmen
1046 1973 1128 2036 illud
1162 1972 1304 2035 finiverit

238 2105 349 2168 necne,
372 2107 391 2148 a
414 2083 623 2166 scriptoribus
647 2104 714 2146 non
737 2084 884 2147 traditur.

344 2198 454 2277 Atque
478 2195 573 2256 etiam
597 2191 755 2254 nonnulla
783 2194 1011 2274 epigrammata
1035 2191 1182 2255 Ciceroni
1217 2193 1306 2254 attri-

138 2285 180 2314 Μ’
239 2305 396 2386 buuntur‚
419 2303 508 2366 velut
532 2323 550 2366 a
574 2300 772 2377 Quintiliano
795 2301 872 2364 inst.
897 2304 973 2363 orat.
1001 2299 1091 2362 VIII.
1109 2301 1137 2362 6.
1157 2301 1208 2362 73.
1235 2319 1305 2379 ‚nec

240 2415 390 2498 paucIora
426 2418 503 2478 sunt
538 2411 594 2498 (sc.
630 2408 835 2493 hyperboles)
870 2425 989 2489 genere
1023 2406 1205 2470 minuendi:
1235 2409 1303 2487 ‚vix

241 2524 368 2588 ossibus
391 2523 533 2587 haerent*
559 2527 590 2586 et
614 2520 700 2605 quod
725 2518 885 2581 Ciceronis
909 2520 957 2580 est
979 2518 1014 2579 in
1048 2516 1187 2599 quodam
1213 2515 1303 2578 iocu-

240 2635 298 2698 lari
320 2633 442 2696 libello:

349 2742 495 2826 ,fundum
519 2741 614 2805 Vetto
638 2742 731 2802 vocat
754 2755 852 2820 quem
875 2736 976 2820 possit
999 2735 1124 2800 mittere
1152 2733 1260 2815 funda,

348 2855 383 2916 ni
405 2858 512 2918 tamen
537 2850 692 2916 exciderit
715 2869 779 2932 que
802 2867 881 2911 cava
903 2847 1005 2911 funda
1027 2844 1134 2930 patet}

350 2962 388 3028 G.
424 2964 449 3026 Ι.
484 2963 631 3042 Vossius,
666 2959 798 3041 Tollius
836 2959 1046 3022 Burmannus
1087 2954 1220 3040 (anthol.
1252 2954 1305 3016 lat.

242 3079 317 3138 torn.
351 3073 375 3136 I.
409 3093 441 3155 p.
476 3075 551 3137 493.
585 3072 641 3135 Iib.
676 3070 734 3134 III.
767 3089 814 3153 ep.
843 3069 906 3150 56.)
939 3068 999 3130 hoc
1023 3067 1218 3150 epigramma
1240 3082 1306 3125 non

348 3268 376 3336 *)
396 3269 430 3321 ad
448 3266 479 3331 Q.
499 3268 531 3322 fr.
550 3266 588 3320 II.
608 3269 650 3322 16.
669 3266 695 3322 4.
723 3270 759 3332 ,te
777 3282 839 3319 vero
857 3259 990 3319 ὑπόθεσιν
1013 3261 1143 3316 scribendi
1170 3259 1308 3327 egregiam

243 3363 341 3417 habere
360 3361 446 3415 video.
485 3359 557 3426 Quos
575 3363 606 3413 tu
624 3360 701 3429 situs,
724 3375 788 3427 quas
805 3361 914 3411 naturae
933 3371 1021 3409 rernm
1047 3355 1075 3406 ct
1091 3354 1219 3420 locorum,
1241 3367 1308 3418 quos

243 3471 338 3520 mores,
359 3470 424 3523 quas
443 3455 546 3522 gentes,
573 3468 637 3520 qnae
663 3467 776 3519 pugnas,
806 3465 885 3517 quern
913 3461 974 3499 vero
1003 3446 1091 3513 ipsum
1118 3444 1308 3511 imperatorem

244 3545 352 3602 habcsi‘
374 3561 441 3614 quae
460 3544 541 3597 verba
560 3543 593 3596 ad
613 3559 719 3596 carmen
740 3541 843 3609 epicum
862 3538 1011 3593 revocanda
1030 3553 1088 3591 ease
1107 3536 1239 3590 videntur.

333 3637 374 3704 *’¹‘J
394 3637 428 3691 ad
446 3636 477 3701 Q.
497 3635 529 3690 fr.
557 3633 594 3686 II.
624 3634 666 3686 16.
686 3633 714 3686 4.
737 3632 802 3701 ‚Ego
831 3634 859 3685 te
887 3629 1009 3695 libenter,
1039 3631 1070 3682 ut
1095 3645 1183 3697 rogae,
1214 3626 1309 3695 quibus

243 3729 322 3783 rebus
340 3729 381 3782 vIs
401 3726 533 3782 adiuvabo
553 3727 580 3779 et
597 3725 648 3780 tibi
666 3740 760 3778 versus
779 3738 846 3790 quos
863 3737 943 3792 roges
963 3720 1050 3794 yiain'
1069 3723 1103 3777 εἰς
1114 3712 1231 3788 initians
1248 3719 1311 3772 mit

244 3821 319 3874 tam‘
339 3849 372 3860 —
392 3822 426 3873 ad
445 3819 476 3886 Q.
495 3819 526 3873 fr.
546 3818 598 3871 III.
618 3817 642 3870 1.
663 3818 705 3872 11.
718 3816 787 3882 ,Tibi
806 3817 877 3884 quod
893 3832 982 3886 rogas,
1002 3814 1128 3884 quoniam
1146 3813 1198 3881 ipsi
1220 3811 1309 3865 fontes

246 3913 300 3966 iam
319 3913 424 3982 sitiunt,
444 3913 468 3966 si
488 3911 552 3979 qnid
569 3909 674 3964 habebo
694 3909 782 3978 spat-fi,
802 3908 933 3964 scribam!

316 3999 372 4072 m)
393 4003 427 4055 ad
446 4003 477 4068 Q.
497 4004 529 4058 fr.
548 4003 598 4057 HI.
617 4003 642 4057 4.
662 4001 688 4056 4.
709 4043 723 4068 ,.
739 4044 745 4056 .
761 4045 767 4058 .
783 4000 887 4055 ‚Simul
898 4005 926 4056 et
943 4000 1008 4054 illud
1021 4031 1055 4040 —
1068 3999 1124 4052 sine
1143 3993 1309 4049 ullameher-

244 4093 303 4146 cule
327 4096 413 4148 Ironia
436 4096 531 4164 loquor
550 4095 653 4150 —tibi
676 4095 753 4148 istius
772 4093 877 4163 generis
895 4093 924 4147 in
942 4092 1080 4147 scribendo
1096 4089 1196 4157 priores
1220 4089 1312 4154 partes

245 4183 335 4238 tribuo
356 4202 434 4254 quern
454 4189 538 4244 mihi‘.
570 4187 610 4242 Cf.
630 4191 769 4257 praeterea
787 4187 820 4240 ad
839 4185 870 4252 Q.
890 4185 922 4238 fr.
940 4184 992 4238 III.
1012 4183 1037 4237 5.
1056 4182 1088 4246 43
1108 4178 1195 4234 1115.
1215 4179 1240 4232 7.
