2998 4792
701 367 720 428 3

284 541 427 632 Adhibui
450 544 484 604 in
510 541 753 625 quaestionibus
786 545 866 608 mois
900 547 1027 627 praeter
1056 530 1238 610 litterarum

178 649 400 714 Romanarum
423 651 571 714 historias
596 649 729 736 (Baehri
758 649 881 717 41868.
912 653 1090 717 Bernhardi
1113 651 1237 720 51812.

179 760 315 825 Teuffeli
343 758 479 844 41882.)
504 765 534 823 et
558 761 702 843 singulas
728 761 766 824 de
790 760 927 844 singulis
951 763 1149 828 carminibus
1173 763 1237 828 dis-

179 872 377 950 sertationes,
401 888 481 952 quae
505 888 564 933 suo
589 889 736 953 quaeque
764 871 834 933 loco
859 869 1039 953 afferentur,
1066 873 1236 956 imprimis:

285 977 467 1042 Drumanni
490 997 570 1061 opus
596 979 644 1062 ,de
667 981 801 1043 historia
823 977 965 1060 Romae‘,

285 1087 409 1152 Heusdi
442 1087 562 1151 librum
596 1088 649 1170 ,M.
687 1088 811 1152 Tullius
855 1087 964 1152 Cicero
1009 1087 1249 1176 φιλοπλάτωνθ

178 1197 258 1280 Traj.
282 1197 321 1260 ad
343 1196 444 1260 Rben.
470 1197 567 1261 1836.

284 1305 395 1370 Pousis
420 1305 637 1388 Ciceroniana,
670 1308 697 1370 si
721 1306 900 1390 complures
934 1311 1138 1389 tempestates
1173 1309 1234 1372 dis·
1252 1334 1323 1396 roas
1338 1334 1396 1373 orce-

180 1435 306 1480 cernere
329 1417 491 1499 volumus,
514 1417 677 1500 aptissime
701 1416 782 1478 duas
810 1417 843 1478 in
877 1421 983 1498 partes
1020 1416 1122 1478 dividi
1155 1398 1404 1502 ministrabitis.

176 1525 311 1606 videtur,
337 1545 474 1608 quarum
496 1525 870 1608 prioradulescentiam,
904 1525 1002 1588 altera
1024 1527 1231 1608 posteriorem
1253 1505 1311 1542 pm
1325 1499 1402 1543 ”³³⁰2

175 1639 310 1699 aetatem
345 1635 581 1718 complectitur,
618 1638 806 1697 accuratum
840 1638 948 1696 autem
983 1633 1118 1698 limitem
1152 1637 1236 1698 inter

176 1745 239 1807 duo
262 1745 341 1808 haec
364 1746 468 1828 spatia
492 1763 585 1827 agere
609 1744 776 1823 nonlicet,
800 1746 941 1804 attamen
963 1744 1153 1823 generaliter
1175 1745 1235 1808 iter

174 1854 267 1936 illud,
291 1855 378 1937 quod
400 1855 476 1917 fecit
500 1852 609 1917 Cicero
634 1855 685 1915 sui
702 1854 806 1935 ipsius
829 1852 864 1912 in
886 1851 1086 1914 humanitate
1109 1851 1235 1916 litteris-

176 1981 239 2043 que
263 1963 432 2026 excolendi
448 1982 545 2025 causa
560 1963 595 2024 in
619 1961 786 2025 Graeciam
808 1957 988 2043 Asiamque
1011 1958 1053 2044 (a.
1073 1960 1234 2045 7941),

177 2075 316 2133 statuere
350 2090 531 2153 possumus
565 2090 607 2134 ex
632 2091 695 2154 quo
718 2075 888 2158 postquam
911 2069 1043 2134 revertit
1071 2089 1141 2133 rem
1174 2091 1234 2154 pu·

175 2177 292 2241 blicam
311 2180 490 2262 capessivit.
537 2179 626 2243 Intra
650 2181 713 2243 duo
736 2181 792 2243 illa
815 2181 915 2263 spatia
939 2179 1067 2261 singula
1090 2181 1233 2242 carmina

174 2289 214 2350 ad
238 2292 419 2372 temporum
442 2289 598 2352 rationem
615 2291 701 2352 inter
716 2309 749 2352 se
769 2294 805 2352 ut
824 2292 1067 2372 componantur,
1090 2290 1234 2352 maxima
1288 2334 1291 2339 -

174 2416 191 2460 e
213 2403 301 2481 parte
316 2399 386 2463 fieri
402 2419 466 2461 non
483 2404 595 2481 potest,
619 2419 696 2469 cum
712 2399 751 2462 de
766 2399 879 2482 paucis
894 2401 1021 2460 tantum
1036 2397 1233 2461 carminibus

175 2527 237 2589 quo
261 2514 404 2592 tempore
427 2510 491 2572 sint
518 2510 697 2591 conscripta
732 2508 912 2571 accuratius
936 2524 1090 2589 quaerere
1125 2506 1231 2586 liceat3

172 2617 281 2699 itaque
303 2621 332 2682 is
356 2619 442 2698 ordo,
468 2637 564 2701 quem
580 2637 638 2701 ego
656 2618 795 2701 quidem,
818 2616 1082 2700 quandoquidem
1099 2616 1232 2698 quidam

176 2725 252 2786 ordo
276 2727 434 2790 tenendus
459 2732 513 2808 est,
536 2729 571 2790 in
594 2721 806 2810 sequentibus
835 2744 959 2807 sequar,
993 2724 1059 2789 fere
1082 2731 1168 2789 totus
1191 2727 1232 2789 ad

76 2833 78 2840 '
175 2829 343 2894 arbitrium
366 2836 556 2897 constitutus
580 2838 636 2896 est.

281 2942 526 3010 Adulescentiae
543 2941 705 3005 Ciceronis
728 2959 765 3003 ea
780 2943 920 3004 carmina
936 2941 1137 3006 attribuenda
1160 2931 1399 3009 esseQst.

1272 3003 1371 3044 Cicerone

171 3048 317 3130 arbitror,
342 3071 425 3134 quae
461 3051 654 3115 Graecorum
689 3048 835 3132 exempla
870 3055 1000 3114 secutus
1034 3055 1399 3136 composuimffscena·

1238 3127 1399 3140 *-

1257 3148 1382 3194 composita.

170 3179 244 3222 nam
261 3163 382 3226 scimus
398 3161 638 3225 adulescentem
653 3159 809 3240 imprimis
827 3157 963 3223 Graecos
979 3179 1053 3223 eum
1067 3162 1398 3226 imitatum—-

170 3289 249 3353 esse,
273 3277 307 3335 ut
331 3291 365 3336 se
387 3261 422 3335 in
445 3271 561 3335 litteris
585 3269 773 3350 artibusque
804 3251 966 3332 exerceret
993 3272 1227 3356 excoleretque.

169 3375 287 3441 Utrum
311 3385 418 3445 autem
443 3381 626 3463 exemplum
651 3397 747 3441 suum
772 3380 950 3442 accuratius
986 3384 1117 3445 secutus
1153 3401 1227 3445 con·

168 3488 298 3551 verterit
326 3510 368 3552 an
398 3489 532 3554 liberius
554 3489 698 3552 imitatus
722 3488 770 3568 sit,
803 3488 836 3550 in
861 3508 1056 3572 unoquoque
1085 3492 1227 3554 carmine

170 3597 266 3658 statui
288 3618 352 3661 non
375 3605 484 3683 polest.
533 3596 678 3662 Ceterum
704 3596 965 3663 adulescentulus
999 3601 1168 3682 praecipue
1192 3599 1225 3660 in

167 3707 278 3785 poetas
302 3706 537 3772 Alexandrinos
561 3709 703 3772 studium
729 3709 902 3772 contulisse
926 3709 1062 3788 videtur,
1089 3710 1126 3769 ut
1150 3709 1225 3771 satis

167 3813 311 3876 etitulis
336 3815 537 3898 singulorum
561 3819 749 3898 carminum,
785 3815 823 3878 de
856 3814 977 3898 quibus
1011 3814 1108 3896 paulo
1142 3817 1225 3881 infra

166 3921 338 3987 dicendum
363 3926 430 4006 erit,
455 3945 604 4008 apparere
628 3928 791 3990 existimo:
815 3943 921 4006 neque
955 3922 988 3983 id
1016 3922 1134 3986 mirum
1169 3931 1224 4008 est,
1280 3955 1282 3961 ⁸

166 4045 239 4092 cum
275 4032 342 4097 fere
385 4036 468 4098 circa
512 4037 581 4100 eius
620 4036 870 4099 adulescentiam
915 4031 1057 4093 studium
1094 4032 1222 4098 illorum

166 4137 361 4214 efflorescere
387 4146 534 4228 coeperit,
559 4146 644 4227 quod
667 4149 737 4228 post
765 4158 966 4222 summopere
1000 4139 1039 4202 ab
1075 4142 1223 4226 elegiacis

1024 4255 1056 4314 1*
