2998 4792
761 358 801 420 18

248 538 312 600 iam
338 537 423 601 circa
446 555 567 600 annum
585 535 636 596 60.
649 534 733 597 idem
758 534 797 598 de
810 536 909 597 Arato
934 534 1121 616 cognovisse
1143 531 1309 616 putandus

248 652 303 726 est,
338 649 383 709 ita
415 650 452 708 ut
486 665 549 707 non
586 645 758 707 verisimile
793 646 843 723 sit,
877 644 976 706 nihilo
1013 643 1112 706 setius
1149 661 1223 704 eum
1251 641 1308 703 illo

247 761 389 839 ternpore
412 754 621 837 Prognostica
644 755 678 815 in
702 752 853 816 Latinum
881 752 1091 815 transtulisse.
1141 751 1311 815 Praeterea

247 866 305 926 vix
328 864 478 927 credibile
502 869 558 943 est,
583 863 610 926 si
634 863 807 924 maturiore
831 865 933 926 aetate
956 859 1167 943 Prognostica
1197 859 1309 924 Latine

247 971 447 1050 reddidisset,
481 970 706 1034 Phaenomena
740 991 806 1034 non
833 974 1082 1034 retractatorum
1105 990 1181 1034 eum
1202 970 1311 1051 fuisse,

250 1086 285 1144 ut
307 1081 380 1143 illos
403 1081 490 1143 haud
514 1083 559 1143 ita
582 1100 700 1163 paucos
725 1085 755 1142 et
785 1081 873 1144 leves
904 1099 1036 1162 errores,
1068 1057 1207 1161 in‘quos
1231 1079 1310 1142 adu-

247 1189 449 1253 lescentulus
471 1189 635 1267 inciderat,
658 1189 792 1266 tolleret,
811 1189 898 1272 quod
920 1209 984 1252 uon
1008 1189 1128 1252 facturn
1153 1209 1223 1253 esse
1244 1190 1307 1250 iarn

250 1319 348 1381 supra
365 1297 406 1381 (p.
427 1294 494 1380 16.)
519 1298 639 1360 dictum
664 1303 719 1361 est.
766 1300 909 1380 Accedit,
933 1300 1018 1382 quod
1040 1301 1118 1382 ipse,
1136 1298 1311 1379 nisifallor,

248 1413 385 1471 testatur
397 1407 606 1490 Prognostica
629 1426 663 1470 se
680 1409 906 1490 conscripsisse
929 1409 1102 1472 admodum
1127 1408 1312 1472 adulescen-

248 1517 363 1597 tulum,
380 1515 418 1579 cf.
444 1516 483 1579 de
507 1523 570 1580 nat.
595 1515 678 1579 deor.
703 1515 745 1580 ΙΙ.
771 1518 822 1578 etl.
849 1518 928 1580 104:
956 1525 1060 1601 ,atque
1083 1518 1236 1580 hocloco
1261 1536 1312 1580 mo

248 1627 378 1688 intuens
402 1630 490 1708 ,utar,
525 1627 640 1708 inquit,
664 1626 905 1690 carminibus
932 1628 1105 1709 Arateis,
1134 1645 1218 1709 quae
1242 1647 1259 1688 a
1283 1631 1313 1688 te

250 1735 421 1798 admodum
457 1735 698 1800 adulescentulo
731 1756 886 1800 conversa
894 1786 1013 1803 ......
1022 1738 1029 1769 ³
1076 1737 1148 1800 Non
1186 1727 1313 1799 denno

250 1847 414 1928 igiturex
437 1847 537 1909 Arato
561 1847 713 1910 translato
738 1847 880 1910 carmine
904 1847 957 1909 hic
981 1846 1065 1929 dicit,
1100 1846 1158 1909 sed
1181 1846 1220 1909 de
1243 1846 1314 1928 plu-

249 1955 349 2036 ribuS,
372 1957 392 2016 i.
418 1974 442 2017 e.
468 1957 506 2018 de
530 1955 766 2020 Phaenomenis
802 1961 833 2019 et
869 1956 908 2020 de
940 1957 1167 2040 Prognostiois.
1212 1957 1315 2019 Aliter

250 2063 347 2125 rerba
372 2063 576 2143 ,carminibus
600 2065 741 2128 Arateis‘
766 2065 869 2149 (velut
882 2067 936 2143 sic,
961 2071 996 2128 ut
1008 2067 1151 2128 carmina
1166 2083 1233 2126 non
1250 2067 1315 2127 sint

251 2172 416 2254 complura
437 2173 522 2234 inter
546 2191 580 2234 se
605 2172 731 2235 diversa
754 2179 909 2254 poemata,
944 2176 1000 2237 sed
1024 2176 1204 2256 complures
1228 2175 1314 2236 eius-

252 2281 322 2344 dem
347 2283 501 2363 poematis
524 2280 599 2364 looi)
618 2281 798 2364 intelligere
821 2300 887 2343 non
909 2281 993 2343 licet.

359 2388 447 2465 Quae
481 2410 555 2454 oum
586 2393 631 2454 ita
655 2392 728 2469 sint,
765 2409 830 2451 non
865 2388 976 2451 dubito
1012 2387 1194 2450 Fabricium
1222 2386 1255 2469 (1.
1286 2406 1314 2450 c.

251 2521 280 2582 p.
306 2500 372 2582 14.)
396 2505 426 2563 et
449 2497 679 2563 Drumannum
702 2499 736 2584 (l.
761 2518 786 2559 o.
815 2519 844 2559 v.
872 2497 912 2561 V.
940 2518 971 2580 p.
997 2494 1086 2581 222.)
1110 2501 1141 2559 ot
1164 2496 1243 2558 alios
1266 2514 1314 2558 se·

253 2612 346 2670 cutus
368 2607 578 2690 Prognostica
602 2625 730 2690 quoque
755 2607 876 2689 primae
900 2606 1134 2669 adulescentiae
1151 2604 1314 2669 Ciceronis

253 2716 436 2779 attribuere.
484 2715 599 2778 Utrum
624 2720 732 2779 autem
757 2716 868 2779 eodem
892 2720 1034 2799 tempore
1053 2735 1094 2777 an
1112 2715 1212 2800 spatio
1237 2732 1315 2797 quo-

254 2826 326 2888 dam
360 2827 513 2910 tomporis
547 2825 735 2908 interposito
772 2825 834 2888 duo
870 2828 1013 2889 carmina
1037 2827 1239 2907 converterit,
1268 2823 1316 2886 di-

254 2935 390 2999 iudicari
413 2957 477 3000 non
501 2941 615 3021 potest.

362 3044 476 3109 Omnia
501 3049 643 3110 carmina
667 3047 705 3110 de
723 3046 842 3130 quibus
858 3047 962 3109 adhuc
980 3047 1048 3108 dixi
1064 3046 1103 3108 ad
1122 3045 1315 3106 Graecorum

256 3154 402 3236 exempla
426 3157 642 3236 composuisse
676 3156 813 3236 videtur,
846 3176 929 3238 quae
963 3162 1018 3218 aut
1053 3155 1153 3215 artius
1186 3155 1316 3214 secutus

256 3263 413 3325 convertit
436 3267 491 3325 aut
512 3262 647 3326 liberius
669 3265 812 3328 inritatus
841 3270 896 3328 est.
943 3263 1004 3327 Sed
1034 3263 1098 3324 iam
1130 3262 1317 3324 adulescen-

256 3372 363 3435 tulum
387 3372 426 3434 ad
451 3378 639 3454 argumenta
663 3392 679 3435 e
703 3373 920 3435 Romanorum
944 3374 1088 3455 ipsorum
1113 3370 1211 3434 rebus
1227 3374 1318 3452 capta

257 3501 331 3544 eum
355 3500 539 3564 aggressum
557 3501 634 3564 esse,
649 3482 740 3545 docet
760 3500 967 3564 carmenque
983 3481 1123 3544 Marium
1140 3479 1319 3544 celebravit.

258 3591 296 3654 Id
320 3592 511 3673 inscriptum
533 3592 634 3654 inisse
658 3591 799 3672 ,llarius‘
824 3592 900 3654 satis
925 3610 966 3653 ex
999 3592 1101 3674 ipsius
1129 3591 1319 3655 testimoniis

257 3705 351 3782 patet,
375 3699 414 3764 of.
440 3701 478 3764 de
500 3701 582 3784 legg.
607 3701 634 3763 Ι.
660 3702 689 3765 1.
716 3701 743 3764 1.
769 3700 827 3781 (,in
851 3699 986 3785 Mario‘),
1013 3702 1091 3766 ibid.
1115 3703 1142 3765 I.
1167 3703 1218 3767 47.
1246 3701 1319 3768 106.

258 3811 362 3892 (,apud
386 3815 416 3872 te
439 3811 473 3872 in
498 3808 637 3894 Marid),
660 3809 699 3871 ad
734 3810 798 3873 Aa.
822 3808 899 3873 XII.
925 3812 976 3872 49.
1004 3811 1030 3873 1.
1055 3814 1131 3894 (,per
1154 3832 1228 3877 eum
1252 3811 1320 3875 Ma-

258 3920 353 4000 rium,
390 3937 484 4000 quem
520 3918 753 4002 scripsissem‘).
804 3917 942 4002 Epioum
971 3925 1077 3984 autem
1102 3927 1168 3985 erat
1192 3941 1319 3984 carmen

259 4028 407 4091 versibus
446 4028 642 4092 hexametris
682 4029 860 4112 conditum,
898 4034 936 4093 ut
977 4030 1155 4113 fragmenta
1194 4039 1320 4094 servata

259 4136 440 4200 ostendunt.
