2998 4792
737 355 779 418 43

225 538 338 619 potest,
363 532 552 598 Ciceronem
585 551 686 616 usque
719 532 759 596 ad
789 533 873 596 illud
900 535 1029 614 tempus
1052 529 1199 596 nondum
1222 549 1291 594 car·

226 663 300 708 men
336 643 377 707 ad
412 642 577 707 Caesarem
614 643 748 707 misisse.
803 641 866 706 His
887 639 1002 704 iisdem
1027 641 1134 704 causis
1157 640 1291 704 fortasse

227 757 409 817 commotus
443 751 625 815 Tonstallus
658 751 796 814 inclinat
830 751 931 834 magis
964 769 998 814 se
1025 750 1065 814 ad
1089 751 1292 831 sententiam,

228 881 358 925 carmen
393 861 434 924 ad
468 860 663 943 Pompeium,
690 879 756 922 non
785 861 826 922 ad
854 859 1020 924 Caesarem
1049 861 1185 924 missum
1210 877 1290 924 esse.

229 969 292 1034 Sed
328 989 346 1032 a
381 969 530 1054 Pompeio
561 971 691 1033 veniam
723 974 832 1052 petere
863 989 928 1032 non
963 988 1045 1052 opus
1069 973 1146 1050 erat,
1174 969 1292 1052 quippe

232 1098 304 1142 cum
339 1080 404 1142 iam
440 1079 618 1163 complures
653 1097 709 1164 per
752 1098 854 1142 annos
894 1080 923 1142 ei
962 1098 1037 1142 cum
1073 1079 1129 1142 illo
1165 1098 1291 1143 summa

231 1189 400 1251 concordia
436 1189 658 1254 intercederet.
719 1184 916 1274 Hoirvrprir'n
956 1193 1064 1254 autern
1098 1187 1292 1252 vocabulum

230 1316 296 1362 non
330 1317 456 1364 necesso
489 1304 546 1381 est,
581 1304 620 1362 ut
653 1297 837 1362 l'unstallus
871 1297 1020 1362 arbitrari
1054 1298 1192 1380 videtur,
1226 1317 1293 1362 oar-

231 1427 302 1472 men
336 1408 463 1492 indicet,
494 1408 552 1473 sed
588 1412 635 1472 est
669 1409 766 1471 etiam
799 1408 904 1471 soluta
931 1410 1073 1472 oratione
1097 1407 1179 1470 facta
1202 1427 1293 1472 revo-

231 1520 316 1600 catio,
339 1523 378 1582 ut
401 1519 442 1581 ad
458 1519 521 1582 Att.
547 1517 620 1582 VII.
647 1518 676 1582 7.
702 1518 729 1579 1.
753 1517 841 1600 ,mihi
865 1522 971 1581 autem
994 1517 1085 1580 nulla
1108 1517 1147 1581 de
1171 1535 1208 1581 eo
1232 1517 1292 1600 (sc.

226 1626 401 1712 Dionysio)
426 1623 618 1714 παλινῳδία
654 1629 747 1691 datur
779 1632 909 1711 propter
937 1627 1110 1710 superioris
1138 1628 1293 1710 epistulae

226 1736 473 1802 testimonium}
521 1737 620 1801 Paulo
655 1737 816 1800 diversam
848 1738 913 1800 vim
947 1735 1044 1798 habet
1075 1755 1140 1799 vox
1164 1737 1203 1800 ad
1227 1737 1293 1800 Att.

226 1847 271 1912 II.
309 1848 337 1910 9.
374 1848 403 1909 1.
448 1865 595 1929 ,quarum
637 1846 693 1929 (sc.
734 1845 929 1932 orationum)
965 1849 1116 1928 exspecta
1150 1845 1293 1909 divinam

233 1949 463 2040 noirarpba'ov‘,
486 1955 545 2017 ubi
568 1959 616 2018 est
637 1956 725 2019 idem
749 1959 846 2038 atque
869 1953 1079 2037 ,retractatio‘

342 2063 461 2127 Notum
486 2070 534 2128 est
557 2085 652 2147 quam
681 2064 818 2148 benigne
844 2067 1047 2130 revocatione
1075 2065 1159 2127 facta
1185 2062 1295 2128 Cicero

235 2195 253 2236 a
289 2173 424 2236 Caesare
463 2180 615 2258 exceptus
656 2179 687 2238 et
726 2180 847 2258 quanto
884 2175 994 2238 favore
1032 2175 1207 2258 insignitus
1242 2175 1292 2237 sit.

232 2281 401 2366 Epistulae
424 2282 487 2346 illis
510 2285 602 2348 annis
619 2285 753 2367 scriptae
773 2286 850 2349 satis
873 2286 1058 2349 testimonio
1071 2291 1155 2364 sunt,
1174 2287 1295 2367 quanta

230 2391 431 2456 familiaritas
454 2395 538 2456 inter
561 2395 641 2458 duos
663 2395 893 2476 intercesserit,
911 2393 950 2456 ci.
968 2394 1109 2476 exempli
1127 2413 1224 2456 causa
1248 2411 1295 2475 ep.

230 2502 270 2564 ad
295 2500 333 2577 Q.
356 2501 395 2566 fr.
419 2501 478 2565 ΙΙΙ.
505 2503 534 2566 l.
561 2505 610 2567 18.
636 2507 678 2587 (a.
704 2504 782 2591 bt),
805 2504 863 2568 ubi
880 2502 990 2566 Cicero
1012 2501 1123 2565 scribit
1138 2501 1200 2582 ,illa
1216 2501 1295 2564 mihi

235 2612 413 2674 secundum
436 2616 466 2676 te
490 2617 521 2676 et
542 2613 662 2679 liberos
686 2620 813 2679 nostros
836 2615 881 2676 ita
905 2618 963 2695 cst,
984 2617 1021 2676 ut
1037 2613 1078 2675 sit
1093 2629 1195 2695 paene
1218 2610 1294 2694 par}

234 2719 347 2803 Itaque
371 2723 488 2785 mirum
516 2723 619 2786 videri
650 2744 715 2787 non
748 2728 860 2806 potest,
894 2723 977 2806 quod
1015 2719 1154 2797 Quintus
1188 2720 1295 2800 frater,

235 2830 290 2912 qui
314 2851 342 2895 a.
370 2832 508 2895 54—52.
544 2833 668 2916 legatus
692 2833 837 2896 Caesaris
871 2835 906 2895 in
943 2831 1046 2896 Gallia
1073 2837 1104 2895 et
1126 2830 1296 2894 Britannia

233 2945 301 3002 erat
337 2945 367 3003 et
400 2942 468 3024 ipse
504 2961 635 3025 quoque
670 2942 709 3006 ab
744 2943 800 3005 illo
836 2943 924 3004 omni
953 2942 1047 3004 modo
1072 2940 1296 3021 honorabatur,

233 3049 370 3132 epistula
395 3051 534 3134 quadam
556 3051 703 3116 Marcum
727 3073 755 3117 a.
782 3053 833 3116 54.
858 3053 1000 3114 hortatus
1024 3055 1081 3132 est,
1109 3056 1146 3114 ut
1168 3050 1215 3113 illi
1239 3051 1296 3114 ali-

235 3177 297 3240 quo
322 3161 417 3222 modo
441 3163 614 3225 memoriae
637 3161 869 3225 beneficiorum
892 3165 1001 3245 gratae
1033 3166 1065 3224 et
1092 3160 1193 3224 animi
1220 3178 1296 3242 erga

232 3287 306 3331 eum
329 3269 375 3352 pii
398 3271 618 3333 testimonium
643 3270 810 3354 praeberet
834 3269 888 3356 (ol.
912 3271 952 3334 ad
976 3267 1012 3345 Q.
1030 3270 1068 3334 fr.
1094 3270 1134 3334 ΙΙ.
1163 3270 1212 3332 15.
1241 3267 1292 3352 2.).

232 3375 303 3451 Qua
327 3381 466 3462 epistula
489 3389 618 3464 accepta
643 3380 762 3463 Cicero,
784 3402 858 3445 cum
882 3381 1077 3444 consentiret
1092 3381 1157 3441 iam
1173 3377 1297 3460 pridem

234 3484 362 3550 Caesari
386 3489 489 3554 officio
513 3491 623 3575 aliquo
645 3495 783 3575 gratiam
806 3511 840 3554 se
855 3490 972 3554 referre
988 3489 1175 3572 oportuisse,
1191 3486 1298 3549 acrius

235 3595 413 3662 festinando
437 3601 524 3682 quod
547 3603 803 3685 praetermiserat
830 3600 1017 3683 expleturus
1041 3597 1207 3660 constituit
1230 3615 1297 3658 car-

235 3709 323 3770 mine
352 3709 441 3790 epico
474 3709 561 3773 illius
594 3689 832 3794 capeditionem
867 3709 1089 3772 Britannicam
1124 3703 1296 3770 celebrare.

232 3815 331 3882 Prius
370 3822 476 3881 autem
517 3820 645 3902 plenius
684 3820 722 3883 de
761 3818 930 3881 Britannia
973 3821 1010 3879 ut
1050 3815 1203 3878 scriberet
1244 3833 1298 3897 pe-

233 3929 305 3991 tivit
330 3948 348 3990 a
372 3927 478 4010 fratrc,
514 3934 547 3992 ut
569 3931 736 3992 materiam
770 3927 921 3990 carminis
949 3924 1082 3988 baberet
1104 3919 1296 4008 idoneam.*)

339 4104 365 4172 *l
384 4104 417 4159 ci.
433 4105 467 4158 ad
479 4103 509 4170 Q.
523 4104 554 4157 fr.
569 4104 606 4163 II,
622 4103 663 4157 15.
677 4103 712 4173 2.,
725 4117 793 4171 quae
807 4100 921 4169 epistula
940 4116 962 4153 a.
982 4099 1025 4152 54.
1038 4115 1093 4152 non
1106 4099 1168 4151 ante
1180 4113 1297 4151 mensem

237 4191 342 4248 lunium
359 4196 403 4266 (cf.
424 4197 440 4267 ξ
462 4196 497 4266 1.)
521 4196 622 4263 scripta
641 4197 691 4248 est:
722 4192 796 4263 ,facis
823 4195 854 4245 tu
878 4191 986 4260 quidem
1008 4193 1133 4256 fraterne,
1164 4190 1233 4258 quod
1255 4204 1299 4241 me
