2998 4792
777 387 818 448 38

262 562 448 626 scholiastes
483 582 612 647 quoque
647 567 733 628 recte
757 562 896 645 adnotat,
929 583 1056 627 carmen
1080 564 1130 626 his
1154 562 1262 627 verbis
1286 566 1326 628 si-

262 670 420 754 gnificari,
446 677 529 736 errat
553 678 669 754 autem,
693 676 731 735 ut
755 691 797 736 cx
818 673 859 736 iis
884 692 966 754 quae
990 693 1087 756 supra
1111 675 1247 754 exposui
1273 694 1327 757 ap·

262 785 360 862 paret,
385 781 472 864 quod
488 783 651 845 existimat
667 800 798 845 carmen
816 781 864 864 ,de
881 775 1059 846 consulatu‘
1078 782 1325 864 intelligendum

263 886 375 974 essai)
422 889 481 954 Oui
501 892 698 956 adnotationi
721 911 787 955 non
809 893 906 955 nimis
930 893 1069 955 multum
1085 890 1324 956 attribuendum

263 1003 312 1062 est
339 1019 444 1083 neque
481 1006 591 1065 nostra
621 1002 677 1064 illa
701 1003 858 1065 sententia
887 1002 925 1064 de
949 1001 1075 1064 duobus
1099 1002 1234 1064 diversis
1257 1021 1326 1065 car-

263 1108 405 1172 minibus
428 1109 646 1174 labefactatnr.
692 1109 775 1174 Nam
799 1116 912 1174 notum
936 1115 991 1192 cst,
1015 1110 1135 1173 scholia
1154 1109 1326 1174 Bobiensia

264 1218 391 1281 saeculo
416 1223 531 1302 quarto
555 1224 612 1282 aut
636 1220 748 1301 quinto
773 1220 956 1302 composita,
982 1220 1106 1282 etiamsi
1130 1239 1146 1283 e
1170 1225 1258 1303 parte
1286 1221 1327 1284 ad

261 1328 440 1390 Asconium
470 1327 649 1390 Pedianum
682 1347 847 1392 recurrere
871 1330 1030 1411 videntur,
1068 1333 1177 1392 tamen
1201 1331 1327 1412 saepius

261 1435 342 1499 laisa
366 1439 397 1500 et
419 1454 568 1518 perversa
589 1435 750 1520 praebere.

369 1544 532 1609 liniverat
555 1545 665 1610 Cicero
701 1565 829 1610 carmon
858 1547 897 1610 de
933 1548 1046 1611 exsilio
1070 1548 1241 1631 redituque
1264 1550 1329 1612 iam

264 1673 291 1718 a.
329 1656 391 1737 55.,
419 1657 475 1720 sed
511 1655 677 1720 dubitabat
709 1657 745 1718 in
778 1655 945 1738 publicum
982 1658 1075 1722 edere
1111 1657 1165 1744 (ci.
1196 1658 1237 1720 ad
1261 1659 1327 1724 Att.

262 1761 320 1828 IV.
346 1763 397 1830 8b.
433 1767 460 1828 3.
486 1763 525 1852 (a.
551 1765 618 1852 55.)
653 1767 702 1849 ,de
735 1771 880 1849 poemate
916 1768 1001 1850 quod
1027 1769 1163 1851 quaeris,
1199 1768 1327 1851 quidsi

264 1875 373 1956 cupiat
389 1874 549 1956 effugere?
572 1875 670 1958 quid?
695 1875 823 1958 sinasP‘,
848 1877 887 1941 cf.
900 1877 939 1940 ad
958 1876 1032 1942 fam.
1049 1876 1075 1943 Ι.
1094 1879 1124 1942 9.
1143 1879 1196 1940 23.
1221 1877 1329 1958 ,libros

264 1982 303 2045 de
326 1983 524 2065 temporibus
558 1987 647 2067 meis,
683 2007 763 2069 quos
798 1989 863 2050 iam
886 1987 1009 2069 pridem
1032 1988 1072 2050 ad
1102 1991 1132 2050 te
1160 1988 1330 2071 misissem,

264 2092 292 2153 si
315 2110 385 2154 esse
411 2092 550 2156 edendos
563 2094 760 2178 putassem‘).
792 2095 931 2158 Causam
956 2116 1025 2160 esse
1043 2095 1155 2160 scribit
1178 2093 1231 2178 (ad
1254 2097 1330 2162 farn.

263 2199 288 2264 Ι.
316 2201 344 2264 9.
371 2199 447 2283 23.),
472 2220 537 2265 non
555 2202 640 2285 quod
655 2204 803 2267 inimicos
827 2205 962 2284 timeret,
988 2224 1069 2285 quos
1092 2205 1187 2287 parce
1203 2208 1331 2268 tantum

265 2312 295 2372 et
310 2310 449 2373 molliter
463 2311 638 2375 insectatus
655 2317 746 2393 essct,
771 2313 827 2375 sed
848 2311 934 2394 quod
957 2316 1131 2391 vereretur,
1155 2318 1192 2374 ut
1208 2332 1331 2396 omnes,

266 2420 320 2503 qui
345 2419 383 2482 de
407 2420 513 2484 reditu
537 2423 642 2485 meriti
670 2425 784 2501 essent,
820 2439 957 2503 quorum
988 2437 1145 2481 numerus
1169 2423 1253 2480 esset
1279 2421 1331 2481 in-

263 2527 384 2610 finitus,
415 2531 490 2593 satis
515 2532 549 2593 in
573 2534 713 2595 carmine
737 2530 944 2593 nobilitasset.
989 2526 1075 2590 Vera
1099 2545 1198 2589 causa
1220 2528 1330 2589 nescio

264 2656 305 2698 an
328 2635 433 2716 fuerit,
458 2639 544 2719 quod
568 2639 782 2724 respublicae
806 2644 875 2702 tum
899 2639 993 2701 etiam
1019 2637 1115 2699 nimis
1134 2635 1329 2699 fluctuantes

264 2746 294 2809 ei
328 2764 397 2810 esse
426 2746 629 2830 ridebantur,
664 2769 761 2832 quam
797 2754 834 2812 ut
867 2750 936 2812 sine
968 2746 1035 2810 ullo
1069 2745 1214 2829 periculo
1248 2744 1330 2808 illud

263 2876 376 2940 poema
410 2857 462 2921 edi
495 2877 589 2940 posse
621 2862 758 2942 putaret.
810 2857 929 2933 Quinto
963 2861 1089 2920 tantum
1123 2854 1212 2918 fratri
1247 2854 1329 2916 clam

262 2969 326 3030 iam
350 2988 377 3032 a.
404 2968 454 3030 55.
478 2969 621 3030 miserat:
646 2968 711 3031 huc
735 2969 819 3031 enim
844 2969 1007 3050 aptissime
1028 2965 1163 3029 arbitror
1185 2965 1330 3026 revocari

262 3076 318 3138 illa
353 3095 394 3139 ex
429 3096 477 3159 ep.
501 3077 541 3139 ad
566 3075 601 3152 Q.
626 3077 662 3140 fr.
686 3077 728 3140 Π.
754 3078 782 3139 9.
810 3078 837 3139 l.
874 3078 911 3158 (a.
935 3073 1001 3160 55.)
1036 3075 1240 3157 ,placiturum
1269 3073 1330 3135 tibi

264 3204 334 3248 esse
354 3185 475 3248 librum
497 3205 604 3250 mcum
621 3185 820 3269 suspicabar:
845 3190 909 3248 tam
934 3185 1026 3248 valde
1046 3184 1206 3266 placuisse
1232 3202 1329 3265 quam

263 3293 377 3358 scribis
403 3295 493 3358 valde
513 3296 638 3378 gaudeo
662 3315 687 3358 e.
714 3317 743 3378 q.
768 3295 802 3358 s‘
849 3296 886 3358 A.
912 3295 962 3355 54.
987 3297 1095 3356 autern
1111 3311 1225 3374 poema
1247 3292 1328 3354 iuris

263 3405 385 3488 publici
418 3405 539 3468 factum
574 3424 641 3469 esse
676 3404 812 3468 videtur.
863 3404 933 3465 Iam
967 3404 1003 3465 in
1032 3401 1088 3464 illa
1122 3402 1260 3484 epistula
1289 3401 1329 3464 ad

263 3513 437 3578 Lentulum
472 3516 510 3594 (a.
544 3511 607 3598 54.)
642 3514 801 3597 promisit,
833 3531 867 3575 se
900 3530 1027 3575 carmen
1065 3511 1169 3594 prima
1202 3529 1329 3594 quaque

265 3626 432 3690 occasione
456 3624 528 3686 data
556 3624 586 3686 ei
618 3625 793 3686 missurum
819 3641 897 3687 esse.
944 3619 1066 3684 Eodem
1096 3639 1180 3683 anno
1205 3618 1330 3701 Caesar,

370 3820 395 3890 *l
424 3817 590 3874 Scholiastac
616 3817 700 3871 verba
728 3820 803 3872 sunt:
835 3819 986 3883 ‚suffecerat
1012 3817 1084 3870 onim
1108 3817 1140 3870 de
1159 3832 1191 3869 ea
1210 3818 1330 3871 oratione

266 3912 376 3977 dixisse,
396 3928 449 3980 qua
467 3910 512 3963 vei
531 3909 637 3964 senatui
656 3909 700 3962 vel
718 3909 815 3977 populo
835 3910 933 3978 gratias
949 3909 1012 3978 egit.
1049 3908 1129 3961 Nunc
1148 3910 1235 3962 autom
1256 3912 1283 3962 ct
1296 3910 1329 3962 de

265 4003 388 4056 versibus
412 4003 468 4056 suis
491 4003 579 4055 lacere
598 4001 761 4055 mentionem
780 4002 894 4068 videtur,
920 4016 988 4069 quos
1006 3999 1227 4066 intempestivum
1246 3999 1330 4052 sitin

266 4093 386 4147 iudiciali
410 4094 596 4148 dissertatione
619 4093 740 4153 recitare.
778 4094 839 4148 Non
863 4094 950 4161 potuit
974 4097 1064 4145 tamen
1087 4090 1116 4142 in
1134 4093 1218 4144 toturn
1242 4091 1275 4144 de
1294 4091 1330 4144 iis

267 4189 362 4238 tacere.
399 4185 469 4239 Nam
489 4186 521 4238 de
540 4185 681 4238 consulatu
699 4201 748 4239 suo
768 4186 877 4254 scripsit
895 4183 1001 4253 poetico
1021 4183 1122 4235 metro‘
