2998 4792
758 387 799 447 34

342 566 450 632 Oioin
464 566 572 630 Pison.
589 565 639 626 29.
653 562 703 625 72.
720 583 794 644 sqq3
813 562 852 625 de
869 559 918 624 off.
929 561 955 624 Ι.
974 560 1073 625 2277
1082 583 1089 639 ;
1103 559 1304 626 Pseudosall.

237 677 272 738 in
297 675 360 738 Cio.
388 677 417 738 3.
443 676 478 754 63
504 673 637 750 Quintil.
661 669 723 734 Xl.
749 672 776 735 1.
803 671 859 732 24:

343 778 1307 867 ‚cedantarmatogae,oonoedatlaurealaudi‘[rel‚linguae‘*].

343 893 477 976 Philipp.
495 893 538 958 Π.
564 894 593 955 8.
610 890 665 968 2Ο;
683 890 903 954 Pseudooioff
894 909 930 950 in
953 887 1028 951 Sall.
1048 890 1077 951 2.
1097 890 1130 968 7;
1156 889 1245 953 Serv.
1266 891 1306 953 ad

237 1003 334 1085 Verg.
361 1002 440 1065 Aen.
464 1002 489 1064 I.
519 1003 547 1064 1
573 1002 703 1064 initium
728 1020 841 1064 versus
865 999 1022 1063 eiusdem:

346 1112 468 1193 ‚toedan
455 1117 580 1174 tarma
604 1108 717 1192 tfogae

345 1220 399 1283 Ad
433 1220 578 1283 eundum
613 1237 743 1281 versum
779 1222 887 1300 speota
869 1221 942 1280 atur
977 1215 1040 1279 Cio
1082 1235 1130 1300 ep.
1167 1217 1208 1280 ad
1231 1217 1305 1282 fam.

239 1329 321 1394 XII.
340 1330 438 1392 13.1.
464 1329 486 1410 t,
488 1333 537 1391 est
560 1329 644 1390 enim
668 1333 724 1390 tua
758 1331 832 1409 toga
856 1327 998 1390 omnium
1031 1327 1127 1390 armis
1157 1326 1305 1413 felicior)

239 1439 378 1502 ettPlu
357 1444 506 1520 t.comp
536 1436 628 1512 Dem.
654 1441 685 1499 et
713 1435 777 1499 Cio.
807 1437 836 1498 2.
867 1429 937 1517 (ὡς
967 1429 1007 1498 τὰ
1042 1429 1130 1500 ὅπλα
1165 1433 1233 1500 ἔδει
1267 1439 1307 1525 τῇ

239 1544 380 1635 τηβέννῳ
404 1543 461 1611 καὶ
478 1547 518 1634 τῇ
534 1542 660 1632 γλώττῃ
681 1541 739 1632 τὴν
754 1540 962 1632 θριαμβικὴν
976 1538 1126 1609 ὑπείκειν
1142 1541 1305 1634 δάφνην).

345 1656 520 1720 Tantalum
561 1675 758 1740 quamquam
793 1661 959 1718 servatum
993 1660 1050 1737 est,
1081 1659 1190 1718 tamen
1230 1657 1308 1720 satis

242 1767 347 1848 claret,
372 1765 556 1829 Ciceronem
583 1767 672 1828 omni
694 1764 932 1848 magnificentia
956 1767 1108 1847 omnique
1137 1766 1309 1849 splendore

242 1895 298 1939 res
322 1875 504 1959 perfudisse
529 1895 627 1957 seque
650 1877 757 1958 ipsum
780 1875 886 1957 potius
907 1875 1003 1938 heroa
1018 1876 1102 1937 inter
1118 1874 1195 1938 deos
1212 1896 1310 1958 quam

241 1989 326 2049 inter
349 1986 495 2048 hominos
519 1985 686 2047 consulem
708 1984 853 2047 finxisse.
902 1982 992 2058 Quae
1025 1985 1205 2068 arrogantia
1239 1985 1310 2048 fieri

242 2112 307 2154 non
330 2094 441 2174 potuit,
467 2095 545 2176 quin
569 2094 773 2156 vehementer
802 2094 984 2175 offenderet,
1010 2095 1167 2177 imprimis
1202 2100 1308 2158 autem

243 2207 274 2264 et
309 2200 347 2263 ab
383 2201 584 2284 aequalibus,
615 2206 652 2263 ut
683 2222 700 2263 a
736 2201 854 2264 Pisone
892 2207 923 2263 et
952 2204 1102 2283 Antonio,
1137 2207 1168 2267 et
1201 2209 1307 2286 poste·
1339 2209 1348 2229 ‘

243 2310 384 2374 rioribus
407 2309 607 2394 temporibus
631 2311 661 2372 ei
684 2328 799 2372 versus
821 2309 877 2372 ille

351 2421 475 2500 ,cedant
498 2440 586 2482 arma
610 2423 710 2500 togae,
726 2417 878 2481 concedat
900 2414 1008 2477 laurea
1031 2415 1131 2477 laudi‘

246 2529 415 2614 opprobrio
454 2529 598 2607 dabatur,
646 2547 710 2609 quo
755 2525 953 2608 gloriabatur
998 2543 1031 2587 se
1078 2543 1144 2587 non
1186 2524 1219 2584 vi
1254 2527 1310 2586 aut

246 2640 355 2718 armis,
378 2637 434 2700 sed
463 2636 546 2698 bona
581 2656 653 2698 onm
693 2655 771 2718 paee
814 2634 1068 2697 coniurationem
1104 2632 1309 2697 exstinxisse.

247 2747 372 2830 Quippe
396 2747 542 2810 omnium
563 2746 718 2809 memoria
740 2743 920 2826 tenebatur,
944 2763 1018 2807 eum
1033 2745 1118 2808 ferro
1133 2741 1231 2824 idque
1247 2760 1315 2803 om·

246 2859 323 2921 nino
348 2861 459 2920 eontra
482 2856 586 2940 legem
611 2857 754 2939 quinque
776 2853 850 2916 illos
875 2855 1068 2935 coniuratos,
1092 2855 1148 2937 qni
1174 2854 1207 2914 in
1245 2870 1314 2913 oar-

247 2987 352 3031 oerem
377 2967 514 3030 oonieoti
539 2969 638 3047 erant,
659 2986 678 3027 a
700 2964 766 3027 vita
788 2965 973 3027 removisse.
1022 2961 1132 3027 (iioero
1155 2964 1223 3046 ipse
1247 2981 1314 3024 non

247 3077 356 3138 minus
381 3095 478 3157 quam
501 3079 551 3138 ter
575 3075 660 3158 quod
683 3074 742 3136 illo
725 3092 862 3136 oversu
888 3073 1014 3137 dixerat
1001 3076 1070 3137 tin
1095 3074 1221 3156 seriptis
1245 3072 1315 3135 suis

246 3186 330 3248 tueri
361 3189 494 3247 conatus
527 3189 585 3262 est,
621 3184 660 3247 ot
696 3184 728 3244 in
752 3179 819 3244 Pis.
847 3183 899 3247 29.
925 3183 976 3246 72.
1008 3203 1082 3266 sqq3
1108 3183 1245 3264 Philipp.
1271 3181 1316 3246 ΙΙ.

248 3296 278 3357 8.
305 3294 362 3374 20;
388 3293 427 3356 de
462 3293 513 3356 off.
540 3293 566 3356 I
597 3295 649 3359 22.
679 3292 728 3355 77.
757 3290 926 3355 Praeterea
960 3294 995 3354 in
1030 3291 1247 3356 controversia
1281 3291 1317 3351 in

248 3403 439 3468 Sallustium
464 3404 493 3466 2.
523 3403 551 3464 7.
575 3401 668 3464 illum
696 3421 826 3464 versum
851 3401 1026 3465 defendens
1048 3401 1190 3484 fingitur.

356 3511 471 3575 Denuo
496 3515 534 3574 ut
556 3531 669 3574 versus
694 3513 732 3574 de
763 3530 797 3574 se
829 3512 897 3594 ipse
918 3509 1028 3574 Cicero
1060 3511 1188 3593 faceret,
1218 3530 1317 3574 causa

212 3605 217 3616 ’
250 3624 318 3690 erat
353 3622 506 3687 exsilium
538 3620 737 3703 reditusque.
778 3622 875 3683 Anno
899 3622 985 3684 enim
1011 3620 1062 3686 57.
1097 3618 1234 3684 Romam
1267 3640 1318 3684 re-

250 3739 383 3826 vocatus
423 3749 625 3814 summopere
661 3728 799 3812 optabat,
834 3735 871 3791 nt
911 3731 987 3793 huia
1031 3751 1159 3816 quoque
1205 3732 1318 3795 aetatis

356 3909 382 3979 ²¹⁶)
402 3907 456 3962 Cio.
475 3905 631 3964 inrisae
650 3906 684 3958 74
702 3920 794 3959 omues
815 3905 901 3974 codd,
921 3906 953 3959 de
972 3907 1014 3959 off.
1035 3906 1056 3960 I.
1076 3908 1119 3963 22.
1132 3909 1173 3961 77.
1193 3905 1320 3960 meliores

252 4005 327 4058 oodd.
347 4001 448 4056 habent
467 3997 566 4064 ‚laudis
586 4029 620 4038 —
639 3996 804 4052 Pseudosall.
823 3997 852 4049 in
871 3997 925 4052 Cio.
945 3999 970 4052 3.
990 3997 1023 4063 6.,
1034 3998 1147 4063 Quintil.
1167 3998 1217 4053 XI.
1238 3998 1261 4053 1.
1275 3997 1319 4052 24.

253 4095 337 4162 (Plut.
357 4109 442 4160 comp,
462 4090 541 4144 Dein.
571 4092 598 4144 et
616 4089 671 4144 Cio.
681 4089 719 4158 2.)
750 4086 884 4157 linguae,
904 4090 938 4143 of.
957 4089 1117 4158 Heusinger.
1139 4090 1181 4143 ed.
1211 4089 1320 4144 Clade

253 4187 299 4242 off.
320 4186 353 4240 ad
372 4185 389 4238 l.
409 4200 432 4238 o.
