2998 4792
753 366 794 426 32

244 535 354 602 Cicero
390 541 519 604 videtur
551 559 585 604 se
616 543 650 603 in
690 540 864 603 concilium
900 542 1035 606 deorum
1069 543 1223 626 advocari,
1246 547 1300 610 ubi

244 647 394 730 luppiter
417 650 446 710 ei
470 648 665 722 ostendebat,
690 654 810 731 quanta
833 652 975 733 pericula
997 654 1117 734 patriae
1139 656 1303 738 instarent,

243 762 274 818 et
297 756 451 838 Minerva,
486 757 605 840 quibus
642 758 764 822 artibus
799 762 933 842 patriam
969 779 1097 825 servare
1125 770 1238 845 posset,
1260 765 1300 828 cf.

242 864 371 928 Sallust.
388 867 421 929 in
443 866 485 929 Μ.
499 867 641 930 Tullium
656 869 770 931 invect.
784 869 824 931 ΙΙ.
849 867 878 931 3.
902 919 924 949 ,.
940 869 1089 935 ..Cicero
1113 891 1147 935 se
1171 873 1246 936 dicit
1267 877 1300 937 in

243 975 377 1037 concilio
406 976 536 1039 deorum
563 978 794 1040 immortalium
828 979 936 1059 fuisse,
959 980 1035 1042 inde
1070 983 1204 1046 missum
1227 985 1303 1047 huic

242 1083 328 1180 urbi¹
349 1085 540 1168 civibusque
564 1086 750 1149 custodem}
782 1087 858 1150 ibid.
891 1087 947 1152 IV.
986 1090 1012 1151 l.
1046 1093 1114 1170 ,sed
1144 1093 1220 1174 qnid
1244 1113 1303 1176 ego

240 1195 333 1276 plura
357 1195 396 1257 de
419 1200 476 1257 tua
508 1197 680 1258 insolentia
710 1199 977 1261 commemorem?
1030 1198 1133 1274 Quem
1157 1202 1302 1266 Minerva

243 1305 347 1366 omnis
372 1304 448 1366 artis
473 1304 609 1383 edocuit,
642 1304 786 1386 luppiter
819 1309 959 1390 optimus
983 1311 1147 1375 maximus
1171 1314 1205 1374 in
1230 1332 1304 1375 cou-

241 1414 348 1476 cilium
361 1413 657 1478 (111011111111111111111.ς
705 1413 924 1489 Quintilianus
941 1418 1015 1480 inst.
1043 1425 1119 1482 orat.
1135 1420 1195 1486 XI.
1213 1422 1239 1483 1.
1253 1424 1303 1484 24.

241 1543 315 1600 ,non
340 1523 505 1585 desierunt
528 1541 657 1604 carpere
680 1525 814 1607 maligni

347 1631 471 1714 ,cedant
504 1651 593 1695 arma
626 1638 726 1716 togae,
750 1636 904 1699 concedat
925 1636 1034 1700 laurea
1057 1637 1197 1720 linguae‘

240 1745 270 1804 et

345 1871 373 1933 ,0
396 1852 588 1915 fortunatam
612 1858 719 1916 natam
744 1873 794 1916 me
819 1857 950 1919 consule
972 1854 1118 1918 Romam‘

239 1962 391 2025 etIovem
414 1963 515 2041 illum,
540 1981 558 2022 a
582 1981 645 2043 quo
669 1965 704 2024 in
722 1964 895 2026 concilium
912 1965 1046 2028 deorum
1063 1964 1246 2046 advocatur,
1272 1973 1310 2034 et

239 2070 428 2149 Minervam,
452 2087 533 2152 quae
558 2075 641 2132 artes
665 2073 892 2136 111111111011111.ε
942 2075 981 2138 In
1005 2074 1082 2137 Iove
1107 2079 1137 2136 et
1155 2073 1303 2138 Minerva

238 2179 294 2241 tali
317 2178 412 2241 modo
436 2179 625 2240 adhibendis
641 2183 735 2261 poeta
750 2181 895 2244 imitatus
912 2187 959 2246 est
975 2183 1135 2263 quaedam
1156 2184 1306 2265 exempla

240 2287 361 2351 Graeca
383 2289 565 2351 testimonio
591 2286 792 2367 Quintiliani,
821 2289 876 2368 qui
899 2289 921 2352 l.
947 2308 972 2350 c.
995 2291 1099 2369 pergit
1123 2310 1217 2370 ,quae
1241 2293 1305 2353 sibi

238 2398 292 2462 ille
324 2403 456 2463 secutus
496 2398 654 2480 quaedam
688 2395 883 2459 Graecorum
914 2396 1061 2478 exempla
1090 2396 1302 2476 permiserat}

239 2507 445 2571 Manifestum
482 2514 530 2571 est
552 2508 611 2570 boc
635 2506 841 2569 referendum
875 2524 943 2568 esse
978 2505 1018 2567 ad
1052 2504 1163 2566 Iovem
1188 2507 1219 2566 et
1241 2502 1303 2565 Mi-

239 2635 380 2698 nervam,
403 2635 470 2678 non
493 2620 578 2678 recte
594 2615 758 2678 Heusdins
783 2615 812 2694 (l.
832 2635 859 2677 c.
871 2636 900 2697 p.
916 2611 981 2698 55.)
1006 2615 1056 2676 his
1078 2611 1187 2674 verbis
1202 2612 1304 2676 nixus

238 2729 341 2788 totum
366 2743 494 2788 carmen
522 2725 562 2788 ad
590 2723 785 2788 Graecorum
820 2725 1005 2806 exemplum
1040 2721 1205 2786 conditum
1234 2739 1305 2784 esse

239 2835 367 2899 iudicat.
415 2833 502 2912 Quos
527 2839 633 2898 autem
658 2835 829 2918 scriptores
858 2833 996 2896 Graecos
1025 2830 1136 2896 Cicero
1159 2833 1306 2895 imitatus

241 2948 289 3028 sit,
313 2946 412 3010 statui
435 2965 500 3007 non
516 2949 628 3027 potest.
677 2945 721 3007 At
743 2944 898 3008 Baehrius
923 2941 1086 3027 (Heidelb.
1111 2941 1221 3006 Jahrb,
1248 2941 1306 3004 der

240 3054 380 3118 Litterat.
406 3055 499 3117 1847.
523 3075 552 3136 p.
578 3055 661 3131 355.)
686 3055 856 3136 existimat,
871 3053 926 3115 illa
950 3051 1141 3127 Quintiliani
1166 3051 1306 3114 deleve

242 3169 273 3226 et
296 3162 442 3226 Minerva
465 3163 571 3242 verba,
604 3165 691 3246 quod
726 3166 761 3226 in
794 3165 835 3226 iis
870 3163 1005 3244 vestigia
1044 3162 1304 3224 hexametrorum

242 3273 381 3336 inveniri
414 3292 481 3335 non
513 3275 648 3355 possint,
683 3293 719 3336 ea
755 3275 793 3337 de
822 3291 918 3336 causa
950 3290 991 3334 ex
1015 3271 1085 3334 aliis
1109 3268 1306 3334 carminibus

244 3384 429 3466 deprompta
453 3402 531 3449 esse.
578 3383 641 3447 Sed
664 3384 759 3446 cuius
783 3382 866 3444 alins
889 3382 1016 3464 generis
1039 3398 1153 3444 versus
1176 3379 1211 3440 in
1235 3378 1305 3440 loco

242 3495 297 3557 illo
320 3494 440 3556 lateant
463 3497 493 3555 et
517 3493 569 3555 cui
593 3492 635 3554 ali
659 3493 793 3554 carmini
821 3490 990 3573 delegandi
1019 3491 1091 3570 sint,
1119 3490 1169 3550 vir
1193 3488 1307 3551 doctus

244 3623 308 3666 uon
334 3603 409 3666 dicit
432 3604 556 3684 vixque
581 3604 755 3684 quisquam
788 3601 883 3665 dicat.
937 3599 1008 3663 Meo
1034 3599 1162 3682 quidem
1185 3597 1307 3660 iudicio

244 3715 406 3797 aptissime
429 3713 484 3774 illa
508 3710 605 3774 verba
629 3711 668 3772 ad
692 3711 776 3774 idem
801 3710 841 3773 de
864 3710 1035 3773 consulatu
1062 3727 1191 3772 carmen
1214 3725 1306 3770 revo-

244 3828 369 3886 cantur.
415 3822 526 3886 Scluta
555 3826 662 3884 autem
697 3820 841 3882 oratione
876 3839 958 3883 usus
993 3823 1041 3882 est
1076 3817 1307 3896 Quintilianus

243 3953 307 3997 non
332 3933 448 4013 vincto,
477 3937 512 3996 ut
535 3932 625 3996 brevi
659 3933 741 4008 ante,
776 3930 860 4012 quod
893 3929 967 3992 illae
999 3928 1081 3991 duae
1108 3927 1144 3989 in
1168 3923 1305 4005 Olympo

244 4061 304 4122 reS,
321 4048 357 4106 ut
368 4038 577 4105 manifestum
594 4045 650 4123 est,
663 4038 882 4124 compluribus
895 4036 1046 4103 versibus
1060 4033 1308 4100 continebantur

245 4149 489 4234 verebaturque,
524 4171 565 4215 ne
599 4151 717 4232 longus
753 4154 850 4215 esset:
885 4154 978 4213 antea
1006 4144 1151 4230 singulos
1179 4147 1305 4206 tantum
