2998 4792
740 321 781 383 36

229 498 400 562 consulatu
425 517 491 561 suc.
537 498 602 560 Alii
626 504 662 562 ut
684 499 773 563 Paul.
799 496 976 575 Manutius,
1006 496 1102 559 Andr.
1114 494 1294 578 Fabricius

227 605 423 688 TunstalluS,
439 606 659 688 Drumannus,
681 605 857 687 Heusdius,
887 605 1105 690 Suringarius
1128 605 1296 684 Baehriua

228 714 399 779 Teuffelius
423 715 621 779 arbitrantur
644 717 708 780 duo
732 718 874 779 carmina
897 715 1107 799 intelligenda
1131 733 1209 778 esse.

317 822 591 888 Proficiscendum
628 831 676 890 est
709 828 743 888 in
778 826 838 888 hac
873 827 1061 908 quaestione
1091 845 1132 888 ex
1156 826 1291 908 epistula

230 933 393 997 Ciceronis
416 954 443 996 a.
457 935 508 999 54.
533 934 574 996 ad
584 933 759 998 Lentulum
784 935 892 1014 missa,
917 936 972 1017 qni
995 939 1138 1018 praeerat
1162 933 1292 998 Ciliciae

228 1045 412 1127 provinciae
435 1063 464 1106 a.
489 1043 641 1124 56-54,
670 1041 721 1128 (ad
746 1043 820 1107 fam.
844 1043 868 1106 Ι.
893 1041 947 1129 9.);
972 1044 1018 1106 ibi
1042 1043 1152 1108 scribit
1175 1042 1206 1127 (ξ
1225 1045 1292 1126 23.)

228 1155 320 1216 haec:
347 1152 450 1235 ,Quod
472 1171 574 1235 rogas,
598 1157 634 1214 ut
657 1172 728 1216 mea
752 1153 810 1215 tibi
833 1153 950 1236 scripta
965 1155 1097 1235 mittam,
1122 1173 1204 1238 quae
1219 1160 1292 1237 post

231 1265 409 1326 discessum
432 1266 526 1324 tuum
551 1262 747 1342 scripserim:
773 1267 849 1325 sunt
872 1265 1033 1327 orationes
1057 1263 1254 1347 quaedam..
1269 1312 1291 1328 ..

230 1371 349 1454 Scripsi
383 1371 477 1433 etiam
510 1369 658 1432 versibus
692 1373 756 1432 tres
784 1369 884 1433 libros
913 1371 952 1434 de
975 1372 1173 1456 temporibus
1204 1374 1295 1454 mels,

231 1501 311 1564 quos
344 1481 409 1542 iam
443 1478 566 1561 pridem
591 1479 629 1542 ad
658 1482 690 1540 te
715 1479 883 1561 misissem,
919 1482 946 1543 si
981 1501 1050 1544 esse
1069 1482 1213 1546 edendos
1236 1503 1298 1564 pu-

229 1596 361 1652 tassem:
396 1593 474 1652 sunt
503 1590 587 1652 enim
613 1591 709 1651 testes
732 1593 763 1650 et
786 1593 883 1650 erunt
905 1592 1090 1673 sempiterni
1108 1592 1297 1654 meritorum

231 1717 305 1780 erga
327 1716 380 1760 ma
409 1702 539 1762 tuorum
563 1717 718 1780 meaeque
741 1699 880 1782 pietatis:
906 1735 948 1744 -
972 1701 1028 1763 sed
1052 1702 1130 1783 quia
1152 1700 1296 1779 verebar,

230 1827 295 1870 non
319 1826 381 1889 eos,
406 1809 463 1890 qui
487 1826 520 1870 se
543 1808 645 1871 laesos
669 1807 902 1872 arbitrarentur
926 1807 1057 1893 (etenim
1074 1810 1108 1872 id
1124 1809 1185 1872 leci
1200 1830 1296 1893 parce

231 1922 261 1979 et
285 1915 443 2001 molliter),
483 1917 539 1980 sed
562 1936 624 1997 eos,
660 1936 740 1998 quos
775 1922 841 1980 erat
874 1917 1039 1982 infinitum
1074 1919 1156 1982 bene
1181 1919 1220 1980 de
1245 1937 1296 1981 me

229 2026 361 2087 meritos
395 2044 504 2087 omnes
536 2027 710 2088 nominare.
758 2024 845 2099 Quos
878 2032 986 2091 tamen
1014 2029 1233 2111 ipsoslibros,
1268 2029 1296 2092 si

231 2153 336 2216 quem,
349 2135 402 2196 cui
414 2140 499 2196 recte
523 2133 727 2213 committam,
746 2136 909 2214 invenere,
933 2138 1051 2201 curabo
1076 2140 1116 2202 ad
1139 2145 1170 2201 te
1192 2138 1295 2220 parfe-

230 2243 367 2307 rendos.‘
415 2242 452 2308 G.
474 2243 499 2306 Ι.
525 2243 661 2306 Vossius
677 2243 806 2324 quidem
825 2262 898 2304 cnm
916 2246 1012 2306 sciret
1026 2247 1109 2308 illud
1126 2246 1164 2308 de
1177 2264 1294 2307 oonsu-

231 2352 299 2416 latu
331 2371 458 2416 carmen
492 2354 556 2416 ianr
591 2373 619 2416 a.
643 2350 695 2415 60.
726 2353 947 2434 compositum,
978 2352 1148 2433 epistulam
1185 2355 1293 2412 autem

232 2464 271 2525 ad
294 2462 367 2525 fam.
391 2462 417 2526 I.
444 2463 472 2527 9.
498 2482 524 2524 a.
550 2463 601 2525 54.
635 2463 784 2544 scriptam
816 2479 893 2541 esse,
927 2464 1019 2542 putat
1057 2455 1119 2543 (,do
1150 2458 1292 2520 historic.

231 2571 345 2660 Latia<
391 2567 499 2654 Lugd.
523 2571 592 2633 Bat.
619 2573 714 2633 1651.
741 2591 769 2653 p.
788 2571 839 2634 51.
856 2568 940 2652 sqq.)
965 2588 1093 2632 carmen
1118 2571 1156 2632 de
1180 2587 1295 2632 consu-

233 2681 299 2742 latu
322 2681 387 2740 iam
411 2684 484 2742 ante
508 2680 661 2742 exsilium
685 2681 861 2761 conditum,
886 2679 1030 2742 sednon
1059 2679 1182 2747 editum
1209 2697 1293 2758 esse;

231 2793 303 2872 post
336 2787 477 2850 reditum
508 2795 614 2853 autern
650 2791 702 2854 vel
733 2792 842 2874 potius
869 2795 941 2873 post
963 2789 1095 2854 Lentuli
1119 2790 1295 2852 discessum

232 2902 418 2962 revocatum
442 2916 512 2961 esse
535 2899 576 2960 ad
598 2899 760 2981 incudem,
782 2901 828 2962 ita
850 2904 886 2962 ut
909 2919 1031 2962 novum
1055 2905 1162 2982 posset
1184 2899 1294 2961 videri.

234 3008 373 3072 Orellius
408 3006 594 3072 Ciceronem
623 3028 752 3073 carmen
786 3010 834 3088 ,de
862 3009 1061 3092 temporibus
1091 3007 1194 3086 meis,
1228 3027 1295 3071 non

234 3118 283 3196 ,de
314 3118 484 3180 consulatu
507 3116 588 3180 meo*
612 3118 667 3181 illa
688 3120 723 3181 in
747 3118 885 3201 epistula
908 3138 945 3182 ca
970 3119 1008 3182 ds
1031 3137 1129 3182 causa
1163 3137 1296 3182 vocasse

235 3226 417 3305 arbitratur,
450 3227 536 3309 quod
566 3226 679 3290 fuisset
713 3233 782 3290 tum
811 3230 916 3291 aninro
942 3229 1079 3290 demisso
1103 3247 1164 3291 neo
1187 3247 1295 3291 coram

234 3337 371 3402 Lentulo
405 3335 544 3418 glorioso
579 3336 633 3398 illo
672 3336 880 3408 ,consulatus‘
905 3339 1036 3400 nomine
1059 3339 1108 3400 uti
1130 3338 1295 3401 voluisset:

236 3447 416 3510 modestum
445 3451 476 3508 et
498 3447 645 3528 generale
669 3445 869 3529 ,temporum‘
893 3447 1086 3510 vocabulum
1110 3466 1184 3511 eum
1206 3468 1297 3531 prae-

141 3595 143 3600 ·
235 3558 356 3621 tulisse.
402 3554 465 3618 Sed
500 3554 636 3619 Vossius
669 3561 701 3618 et
734 3554 873 3619 Orellius
908 3560 938 3618 et
969 3575 1080 3620 ornnes
1108 3560 1207 3621 ceteri
1234 3559 1297 3620 viri

237 3668 293 3749 qui
311 3684 423 3728 eorum
436 3667 627 3727 sententiam
650 3669 833 3747 sequuntur
855 3685 921 3728 non
945 3672 1030 3730 recte
1052 3666 1195 3731 iudicare
1217 3667 1297 3732 mihi

236 3777 398 3838 videntur.
467 3772 516 3837 De
547 3780 714 3838 retractato
747 3777 888 3838 carmine
933 3776 997 3838 iarn
1033 3782 1126 3840 antea
1160 3777 1297 3856 condito,

239 3903 321 3968 quae
345 3888 394 3947 est
410 3885 569 3948 sententia
582 3882 687 3966 Vossi,
712 3885 843 3967 cogitari
856 3904 921 3948 non
934 3891 1047 3970 potest.
1094 3888 1127 3952 Si
1144 3890 1229 3952 onim
1245 3907 1297 3951 re-

237 3997 410 4074 tractasset,
436 3999 521 4056 certe
545 3994 681 4058 dixisset
705 3993 815 4057 Cicero
839 4014 903 4057 non
928 3999 1052 4079 ,scripsi
1080 3996 1196 4078 etiam‘,
1241 3999 1297 4062 sed

237 4105 414 4189 ,retractavi
449 4104 563 4169 etiam‘.
621 4103 735 4188 Neque
770 4106 864 4168 etiam
899 4107 1036 4190 intelligi
1081 4112 1194 4190 potest,
1240 4125 1299 4168 cur
