2998 4792
770 360 789 420 8

249 537 345 620 paulo
361 541 434 620 post
445 535 676 620 pulcherrimos
693 539 724 599 et
738 535 1013 619 fragrantissimos
1023 533 1117 598 flores
1129 535 1309 618 progenuit.

249 646 321 709 Hac
343 647 443 730 igitur
467 649 596 727 aparte
629 645 665 706 in
689 643 865 707 excolenda
895 645 986 725 poesi
1008 641 1152 708 Romana
1173 665 1239 709 non
1264 664 1312 710 se-

251 755 372 819 cundas
395 758 501 838 partes
525 755 597 836 agit.

358 863 578 946 Complurium
612 863 748 927 aliorum
787 861 964 924 carminum
998 861 1035 924 fit
1074 865 1195 927 mentio
1226 864 1309 947 apud

250 972 272 1036 J
274 973 376 1036 ulium
409 972 622 1056 Capitolinum
658 974 691 1035 in
722 974 789 1035 vita
815 971 911 1054 primi
940 969 1094 1034 Gordiani
1127 992 1153 1035 c.
1184 975 1223 1054 3.,
1254 972 1312 1036 ubi

251 1082 376 1146 codices
399 1082 531 1146 habent:
557 1083 757 1163 ,adulescens
778 1099 853 1143 cum
876 1083 959 1142 esset
980 1078 1162 1146 Gordianus
1188 1083 1226 1146 de
1247 1102 1311 1165 quo

251 1210 354 1255 sermo
378 1196 426 1254 θεῖ
448 1196 596 1274 poemata
619 1191 755 1274 scripsit,
783 1208 864 1272 quae
888 1191 996 1254 omnia
1019 1195 1155 1272 exstant,
1188 1197 1219 1254 et
1242 1193 1313 1275 qui·

251 1301 323 1365 dem
346 1305 461 1364 cuncta
483 1293 549 1382 illa,
574 1320 657 1383 quae
681 1298 789 1362 Cicero
814 1303 849 1362 et
873 1299 1047 1362 demerio
1072 1303 1107 1362 et
1129 1303 1312 1365 arathum

251 1415 288 1474 et
310 1409 525 1489 balcyonas
548 1414 585 1472 et
606 1409 748 1489 Nilum,
772 1427 857 1490 quae
880 1408 1010 1490 quidem
1034 1407 1155 1471 adhoc
1177 1412 1313 1494 scripsit,

251 1524 289 1583 nt
317 1517 481 1582 Ciceronis
514 1524 661 1603 poemata
694 1519 791 1581 nimis
823 1518 957 1599 antiqua
988 1516 1194 1582 viderentur}
1239 1519 1315 1583 Non

253 1631 362 1692 omnia
385 1648 403 1691 a
426 1648 504 1692 voce
521 1627 647 1711 ,Cicero‘
672 1627 858 1710 incipientia
881 1631 965 1689 recte
988 1626 1104 1690 tradita
1120 1646 1188 1692 esse
1212 1629 1315 1691 mani·

251 1739 370 1802 festum
398 1743 455 1804 est.
501 1738 668 1802 Heusdius
691 1736 723 1822 (l.
747 1755 772 1799 c.
795 1755 824 1818 p.
850 1733 1002 1818 35-40.)
1025 1737 1185 1820 proponit:
1220 1757 1314 1820 ‚quae

253 1846 363 1912 Cicero
410 1849 653 1911 hexametris
702 1866 749 1910 ex
787 1845 908 1909 Arato
950 1845 1206 1910 halucinatus
1240 1851 1313 1928 est,

251 1957 441 2020 Exortum
466 1961 501 2019 et
523 1955 677 2019 Nixum:
708 1975 790 2039 quae
815 1954 944 2038 quidem
969 2005 975 2019 .
1001 2004 1007 2017 .
1032 1953 1051 2019 .‘
1077 1953 1165 2029 Quae
1189 1957 1314 2020 coniec-

253 2071 326 2129 tura
349 2083 415 2126 non
438 2066 547 2128 minus
570 2064 792 2146 improbabilis
822 2083 918 2147 quem
942 2065 1050 2128 audax
1073 2083 1143 2130 esse
1166 2067 1245 2129 mihi
1267 2067 1315 2130 vi-

254 2175 357 2240 detur.
413 2173 503 2237 Inter
536 2172 654 2236 tradita
687 2171 786 2234 verba
820 2173 848 2234 si
882 2173 1011 2236 nullum
1045 2174 1141 2255 aliud,
1175 2180 1315 2238 attamen

254 2283 449 2366 ,halcyonas‘
470 2283 523 2346 vel
539 2283 735 2346 correctione
753 2299 837 2363 qnae
858 2281 916 2342 vix
939 2283 1091 2344 correctio
1103 2286 1152 2344 est
1174 2268 1316 2344 adhibita

253 2391 511 2474 ,alcyonas‘lviro
530 2392 623 2457 docto
647 2411 711 2454 non
735 2389 923 2453 tentandum
937 2392 1012 2467 erat,
1037 2390 1092 2470 qui
1103 2390 1217 2454 titulus
1229 2390 1316 2454 Noni

253 2522 383 2585 quoque
405 2503 588 2566 testimonio
611 2502 655 2584 (p.
673 2501 725 2567 65.
739 2499 783 2581 8.)
807 2497 992 2560 affirmatur.
1038 2497 1207 2560 Accedunt
1230 2518 1315 2562 com-

253 2611 362 2692 plures
387 2610 425 2673 de
450 2610 588 2673 dictione
623 2617 654 2672 et
690 2610 728 2672 de
751 2627 786 2671 re
810 2607 965 2690 scrupuli.
1013 2605 1236 2687 ,Halucinatus
1260 2610 1316 2672 θεῖι

253 2719 349 2782 nimis
385 2721 507 2799 acriter,
544 2720 638 2782 etiam
675 2739 693 2781 a
726 2719 953 2799 vituperatore‚
988 2716 1110 2780 dictum
1140 2737 1209 2782 esse
1237 2718 1315 2782 mihi

162 2903 166 2912 Ι
251 2826 389 2909 videtur,
411 2828 537 2891 etiamsi
553 2827 672 2910 Cicero,
694 2833 730 2891 ut
746 2827 830 2890 infra
846 2826 1042 2908 videbimur,
1064 2846 1315 2911 nonnumquam

252 2936 287 2998 in
310 2939 438 3000 Arateis
455 2938 679 3002 convertendis
697 2939 824 3002 erravit.
864 2939 973 3020 Atque
993 2939 1088 3000 etiam
1105 2936 1316 3018 ‚hexametris‘

252 3046 410 3108 inutiliter
434 3052 466 3110 et
498 3049 650 3130 languide
675 3048 910 3132 quodammodo
943 3046 1087 3109 additum
1117 3049 1172 3108 est.
1217 3042 1316 3108 Prae-

252 3159 349 3236 terea,
382 3157 441 3218 etsi
470 3157 658 3220 conceditur
689 3158 781 3220 Arati
815 3152 1002 3238 Φαινὸμενα
1033 3157 1068 3216 in
1101 3153 1181 3216 duas
1209 3159 1315 3236 partes

253 3255 484 3349 ,Ἆστροθεσίθε
514 3270 545 3327 θῖ
579 3256 745 3354 ,Ἀνατολή“
781 3266 883 3329 divisa
919 3264 1064 3327 Ciceroni
1097 3265 1131 3324 in
1166 3263 1315 3326 manibus

252 3375 361 3455 fuisse,
387 3373 603 3438 utHeusdius
627 3375 704 3454 vult,
728 3379 835 3437 tamen
858 3374 947 3436 nullo
971 3372 1066 3436 modo
1084 3363 1315 3456 ‚Damarata

252 3503 331 3547 voce
354 3482 481 3564 ,Nixus‘
513 3483 606 3546 reddi
627 3485 739 3566 potuit.
785 3481 911 3564 ,Nixus
936 3501 1001 3544 non
1026 3500 1095 3545 esse
1118 3483 1315 3562 positionem,

253 3593 308 3656 sed
336 3595 459 3654 motum
494 3597 524 3655 et
546 3613 679 3657 cursum
714 3593 879 3657 stellarum
913 3610 955 3655 ex
984 3610 1020 3654 eo
1044 3593 1112 3673 ipso
1135 3591 1206 3654 loco
1231 3592 1314 3655 clare

254 3705 391 3785 apparet,
415 3720 512 3785 quem
534 3701 711 3784 Heusdius‚
739 3706 776 3765 ut
799 3721 891 3764 suam
914 3701 1015 3782 ipsius
1039 3702 1228 3764 sententiam
1253 3700 1314 3762 iul-

254 3812 326 3892 ciat,
360 3811 450 3874 affert
474 3810 551 3898 (Cic.
579 3811 617 3874 de
647 3815 708 3874 nat.
737 3807 1092 3896 deor.11.46.117.):
1121 3811 1166 3892 ‚in
1188 3809 1315 3872 aethere

255 3925 363 3984 autem
386 3925 471 3982 astra
494 3921 679 4000 volvuntur,
713 3939 795 4001 quae
819 3937 852 3982 se
877 3925 907 3982 et
929 3919 1012 3982 nixu
1041 3940 1100 3983 suo
1124 3917 1315 4001 conglobata

255 4032 420 4094 continent
443 4036 474 4092 et
496 4029 597 4092 forma
631 4029 700 4111 ipsa
723 4027 892 4112 figuraque
920 4048 978 4091 sua
1001 4033 1163 4092 momenta
1187 4031 1315 4090 susten-

255 4139 343 4204 tant}
381 4136 444 4200 Hic
464 4137 563 4221 ,nixu‘
588 4143 624 4202 ut
639 4137 726 4202 idem
751 4143 846 4221 atque
870 4137 1045 4222 ‚positione‘
1071 4157 1141 4202 esse
1156 4141 1315 4219 putemne,

365 4618 376 4643 f

291 4640 389 4739 A

392 4510 481 4585 ι
637 4362 643 4371 ’
795 4476 935 4617 Α

773 4624 960 4740 ,οῖ
