2998 4792
754 350 794 412 20

244 531 398 612 scriptum
422 547 500 609 esse,
534 529 723 610 priusquam
748 523 869 589 Marius
901 525 1057 589 rediisset.
1099 517 1202 600 eram
1231 545 1305 590 sen-

244 641 378 704 tentiam
407 636 522 700 falsam
555 655 634 718 esse,
666 636 814 719 pluribus
850 636 1010 718 explicare
1042 655 1107 698 non
1129 655 1211 718 opus
1236 655 1305 699 esse

243 754 335 832 puto;
372 749 399 811 si
425 748 551 829 integro
587 766 662 809 cnm
689 746 808 808 iudicio
833 744 872 807 ad
896 763 964 807 rem
988 745 1178 826 accedimus,
1201 747 1306 807 mani-

244 859 359 920 festum
394 876 411 919 e
445 876 479 919 rc
507 858 576 938 ipsa
600 874 670 920 esse
694 854 838 934 arbitror,
863 855 1034 935 augurium
1058 859 1130 937 post
1153 860 1305 917 eventum

243 967 488 1049 intelligendum
513 983 591 1028 esse.

351 1074 420 1137 Iam
453 1075 627 1157 quaeritur,
661 1075 770 1134 utrum
795 1073 926 1134 omnino
951 1073 1045 1134 etiarn
1070 1073 1306 1136 adulescentiae

246 1203 289 1244 au
322 1185 491 1264 posteriori
526 1184 621 1246 aetati
646 1181 808 1244 Ciceronis
843 1200 970 1244 carmen
1000 1183 1042 1244 sit
1065 1181 1305 1264 assignandum.

245 1291 283 1354 ln
317 1292 377 1352 hac
413 1293 600 1374 quaestione
632 1291 693 1352 viri
728 1290 812 1352 docti
844 1290 1003 1372 proficisci
1039 1291 1142 1353 solent
1175 1311 1217 1354 ex
1250 1292 1306 1353 illo

247 1401 417 1464 Scaevolae
440 1402 474 1462 in
492 1400 654 1464 Ciceronis
670 1397 809 1462 Marium
826 1401 1061 1482 epigrammate,
1085 1401 1177 1462 cuius
1193 1420 1307 1464 versus

246 1529 334 1572 unus
362 1510 400 1572 de
423 1511 506 1592 legg.
529 1509 554 1572 I.
584 1509 610 1570 1.
636 1511 663 1570 2.
688 1508 832 1571 affertur:
866 1528 978 1592 ‚eaque
1003 1511 1059 1593 (sc.
1086 1511 1248 1592 quercus),
1271 1514 1307 1572 ut

247 1621 291 1682 ait
314 1617 467 1682 Scaevola
492 1620 531 1682 de
554 1618 661 1682 fratris
685 1620 748 1681 mei
771 1617 887 1680 Mario:

406 1735 561 1810 ,canescet
585 1729 698 1792 saeclis
721 1727 1032 1792 innumerabilibus}

354 1839 474 1903 Bakins
500 1840 629 1922 quidem
654 1840 713 1919 (ed.
740 1839 804 1902 Cic.
830 1839 869 1902 de
893 1840 973 1921 legg·
996 1836 1097 1920 Lugd.
1114 1837 1183 1901 Bat.
1209 1839 1305 1900 1842.

247 1968 276 2030 p.
303 1948 377 2012 267.
403 1950 487 2030 sqq.)
511 1950 681 2029 existimat,
706 1949 797 2012 illum
823 1968 887 2011 non
911 1950 946 2010 in
971 1947 1151 2010 confectum
1177 1965 1307 2009 carmen

248 2059 444 2140 epigramma
468 2058 696 2139 composuisse,
721 2057 776 2120 sed
800 2059 834 2119 in
858 2060 998 2120 carmine
1021 2059 1089 2139 ipso
1113 2077 1131 2120 a
1156 2055 1308 2118 Cicerone

247 2166 302 2229 illa
325 2166 423 2228 verba
447 2167 485 2229 de
510 2185 630 2248 quercu
655 2165 812 2227 dicentem
835 2167 955 2228 factum
987 2187 1064 2230 esso.
1111 2165 1174 2228 Sed
1198 2165 1309 2247 effugit

249 2276 356 2336 virum
380 2275 517 2355 doctum,
540 2274 604 2336 illis
630 2272 734 2337 verbis
757 2278 992 2356 pentametrum
1015 2275 1147 2354 includi,
1178 2293 1308 2334 carmen

250 2388 358 2447 autem
382 2384 488 2465 ipsum
516 2384 712 2448 hexametris
740 2382 956 2462 conscriptum
984 2381 1093 2444 fuisse.
1130 2359 1308 2442 ¹Praeterea

250 2492 411 2573 ,Scaevola
434 2494 478 2555 ait
501 2494 544 2556 de
567 2493 675 2556 fratris
699 2493 763 2553 mei
786 2489 898 2552 11111110ῐ
928 2509 992 2552 non
1021 2490 1106 2552 idem
1140 2493 1187 2551 est
1210 2492 1307 2569 atque

251 2601 412 2681 ,Scaevola
449 2602 493 2663 ait
521 2603 555 2663 in
579 2601 687 2664 fratris
719 2602 782 2662 mei
816 2598 936 2661 Mario}
975 2597 1098 2681 'Neque
1134 2600 1238 2678 etiam,
1272 2603 1309 2658 ut

250 2710 373 2774 Bakius
396 2715 498 2793 putat,
525 2715 681 2791 ,canescet
713 2709 826 2773 saeclis
853 2707 1154 2772 innumerabilibus
1180 2707 1218 2770 de
1243 2727 1310 2768 car-

252 2821 338 2884 mina
362 2821 484 2884 dictum
507 2819 666 2884 offendere
690 2825 807 2904 potest3
844 2819 881 2884 cf.
905 2819 948 2882 M.
973 2819 1094 2903 Haupt.
1123 2838 1207 2902 opes.
1230 2838 1262 2879 v,
1285 2816 1309 2878 1.

251 2953 279 3014 p.
305 2933 378 2994 213.
402 2952 459 3015 sq,
490 2929 548 2993 ubi
569 2930 719 3013 pluribus
741 2931 824 2994 Beki
857 2931 1047 2994 sententiam
1082 2929 1206 2992 refellit.
1231 2927 1311 2990 Mire

253 3042 487 3124 quodammodo
511 3047 584 3123 post
615 3041 701 3104 illam
726 3041 847 3124 Haupti
881 3039 1196 3104 dissertatiunculam
1229 3035 1311 3098 lides-

252 3151 352 3212 nilius
383 3148 443 3232 (ed.
480 3149 545 3213 Cic.
571 3150 609 3212 do
632 3150 713 3232 legg.
746 3149 831 3233 Lips.
859 3151 966 3229 1879.)
998 3150 1104 3212 denuo
1128 3147 1210 3210 Balri
1241 3165 1313 3208 sen-

253 3261 386 3323 tentiam
409 3257 523 3321 fulcire
547 3263 679 3321 conatus
707 3263 755 3320 est
782 3259 1003 3340 compluribus
1031 3259 1133 3334 novis,
1167 3256 1313 3318 sednon

255 3371 362 3434 minus
380 3365 647 3451 improbabilibus
672 3369 777 3430 causis
801 3367 942 3430 adiectis.
982 3366 1112 3430 Certum
1135 3366 1234 3448 igitur
1257 3370 1315 3445 est,

255 3479 439 3543 Scaevolam
475 3478 668 3560 epigramma
703 3476 866 3538 Ciceronis
901 3477 935 3538 in
971 3474 1146 3556 Marium,
1179 3494 1245 3537 non
1279 3475 1313 3535 in

256 3588 374 3652 Mario
398 3586 588 3650 condidisse.

363 3695 586 3759 Controversia
619 3699 726 3758 autem
760 3696 843 3757 inter
877 3695 964 3757 viros
999 3695 1108 3758 doctos
1139 3693 1316 3771 intercedit,

257 3824 352 3888 quem
377 3805 560 3870 Scaevolam
595 3810 689 3888 poeta
721 3804 755 3866 in
790 3810 897 3868 mente
932 3803 1086 3868 habuerit.
1138 3802 1316 3881 Turnebus,

256 3914 401 3980 Nobbius
428 3915 459 3985 tl.
484 3934 508 3977 c.
532 3935 560 3997 p.
586 3911 896 3997 1048.),Heusdius
921 3915 953 3998 (l.
977 3935 1003 3979 c.
1027 3936 1057 3998 p.
1081 3913 1150 3991 45.)
1183 3910 1218 3987 Q.
1246 3910 1315 3972 llu-

257 4027 344 4089 cinm
360 4025 545 4090 Scaevolam
561 4022 745 4106 pontificem
763 4025 977 4109 intelligentes
1000 4027 1035 4088 in
1052 4023 1213 4087 Ciceronis
1238 4020 1315 4084 adu-

258 4136 408 4200 lescentia
440 4139 513 4198 ante
544 4154 571 4198 a.
598 4134 660 4216 82,
684 4154 748 4217 quo
780 4135 835 4200 ille
868 4131 1016 4200 mortuus
1044 4139 1100 4216 est,
1134 4151 1249 4196 versus
1279 4133 1317 4196 de
