2998 4792
718 370 760 430 47

202 546 388 611 aCicerone
412 553 537 610 oratore
560 546 726 610 conditum
749 564 822 609 esse
845 551 967 630 putant,
987 545 1044 608 sed
1067 565 1085 606 a
1109 543 1153 606 M.
1167 544 1270 608 Tullio

201 656 336 739 Laurea,
360 657 431 720 eius
453 655 578 735 liberto,
601 674 697 738 quem
719 654 802 717 illud
824 657 932 739 poesis
953 673 1057 738 genus
1088 653 1271 716 excoluisse

201 767 331 830 Plinius
355 764 411 849 (n.
437 764 479 829 Η.
504 765 555 828 31.
583 762 625 849 7.)
648 769 795 827 testatur.
843 763 906 827 Sed
928 766 994 826 ianr
1018 783 1117 848 supra
1139 763 1183 845 (p.
1201 762 1270 845 28.)

205 877 360 958 diximus
384 877 430 938 eis
453 875 541 955 locis,
570 873 628 936 ubi
657 875 866 957 praenomine
888 892 955 935 non
991 873 1136 955 apposito
1160 869 1270 935 Cicero

202 985 343 1066 affertur,
368 987 523 1047 oratorem
547 983 796 1066 intelligendum
812 1001 897 1046 esse:
922 1000 1028 1064 neque
1043 982 1139 1043 etiam
1154 979 1269 1044 liberto

201 1093 251 1156 illi
284 1113 463 1178 cognomen
498 1092 641 1170 ,Cicero‘,
666 1093 722 1155 sed
756 1112 874 1156 nomen
909 1091 1031 1174 gentile
1063 1093 1190 1152 tantum
1225 1089 1270 1171 (et

199 1201 410 1286 praenomen)
434 1201 497 1267 sibi
524 1204 638 1266 indere
660 1203 762 1265 licuit.

315 1311 405 1388 Quod
428 1313 559 1395 TolliuS,
584 1312 792 1375 Burmannus
815 1311 934 1392 aliique
956 1328 1014 1392 pro
1039 1305 1165 1389 ,Vetto‘,
1184 1308 1270 1389 quod

202 1442 319 1485 nomen
352 1423 485 1485 omnino
521 1423 668 1504 ignotum
705 1428 761 1502 est,
785 1419 907 1502 ,Varro‘
943 1420 1055 1501 legunt
1087 1422 1269 1499 putantque

203 1529 387 1594 Ciceronem
409 1532 552 1595 illusisse
567 1531 726 1594 Varronis
749 1531 978 1611 etymologiam
1002 1526 1164 1609 quandam
1181 1527 1269 1589 vocis

199 1640 322 1720 ,fundi‘,
346 1641 436 1704 omni
458 1639 800 1722 probabilitatecaret
852 1637 1008 1700 Varronis
1041 1636 1130 1697 enim
1164 1634 1269 1696 adhuc

198 1753 323 1812 servata
347 1749 542 1830 etymologia
567 1755 615 1812 est
637 1751 715 1812 haec
739 1747 793 1833 (cf.
816 1748 921 1809 Varro
944 1745 983 1807 de
1005 1745 1026 1806 l.
1049 1743 1084 1806 L.
1102 1743 1151 1807 ed,
1168 1743 1268 1806 Andr.

200 1856 348 1939 Spengel.
386 1859 481 1921 1885.
510 1858 564 1922 lib.
595 1858 635 1921 V.
672 1859 691 1938 ξ
726 1858 810 1938 37.);
850 1874 935 1938 ,ager
972 1853 1058 1936 quod
1098 1851 1269 1916 videbatur

199 1965 362 2046 pecudum
386 1987 422 2029 ao
445 1971 602 2050 pecuniae
626 1987 696 2030 esse
718 1967 972 2044 fundamentum,
996 1961 1136 2045 ,fundus‘
1162 1962 1267 2026 dictus

201 2077 264 2155 aut,
300 2075 387 2157 quod
414 2076 521 2139 fundit
556 2082 715 2161 quotquot
749 2078 841 2138 annis
875 2073 998 2138 multa‘
1054 2071 1170 2154 Neque
1202 2089 1269 2133 cre-

200 2182 298 2246 dibile
322 2189 380 2266 est,
404 2185 467 2250 alio
492 2188 632 2269 quodam
655 2188 725 2250 loco
749 2185 928 2249 Vononem
951 2184 1040 2246 illam
1073 2202 1092 2244 a
1116 2180 1269 2244 Cicerone

199 2294 325 2356 irrisam
352 2296 578 2377 etymologiam
602 2297 761 2375 docuisse,
782 2315 878 2378 quam
894 2295 960 2356 illis
984 2291 1110 2356 duabus
1134 2291 1269 2353 servatis

198 2404 329 2466 omnino
352 2423 532 2487 repugnare
555 2407 633 2468 satis
656 2409 754 2488 patet.

310 2512 391 2577 Mire
427 2515 663 2598 quodammodo
704 2535 763 2579 nec
802 2515 913 2577 minus
947 2514 1067 2576 iniuste
1101 2509 1267 2590 Pithoeus,

201 2617 331 2700 Tollius,
344 2621 554 2688 Burmannus
578 2645 654 2689 cum
677 2625 734 2688 illo
750 2626 979 2708 epigrammate
1002 2623 1037 2683 in
1059 2639 1164 2684 unum
1192 2639 1268 2684 con-

201 2727 343 2809 iungunt
377 2730 465 2793 aliud
497 2734 657 2814 quoddam
697 2733 752 2819 (cf.
789 2732 934 2796 Diomed.
970 2730 1012 2794 ΙΙ.
1046 2752 1075 2814 p.
1107 2731 1182 2794 461.
1207 2731 1267 2808 21;

202 2835 324 2901 Charis.
349 2838 406 2902 IV.
433 2860 463 2923 p.
489 2842 563 2904 275.
590 2845 673 2924 23.):

314 2953 500 3030 ,extractam
523 2957 622 3034 puteo
646 2954 773 3016 situlam
799 2954 857 3035 qui
890 2954 982 3036 ponit
1012 2951 1047 3013 in
1082 2950 1183 3030 horto,

309 3057 447 3121 ulterius
471 3061 578 3123 standi
601 3082 665 3125 non
689 3063 787 3127 habet
809 3065 878 3146 ipse
900 3059 1030 3125 locum.t

202 3164 431 3250 Praeterquam
465 3171 561 3253 enim,
600 3173 686 3254 quod
720 3173 785 3236 duo
823 3174 1053 3256 epigrammata
1090 3171 1125 3233 in
1163 3190 1264 3233 unum

201 3281 310 3340 coacta
333 3296 498 3360 nusquam
523 3280 704 3361 traduntur,
739 3284 829 3365 prius
856 3282 939 3345 illud
963 3281 1094 3363 dictum,
1117 3289 1155 3344 ut
1177 3281 1265 3363 Spal-

201 3386 332 3470 dingius
354 3393 440 3451 recte
464 3388 505 3451 ad
530 3387 664 3464 Quintil.
690 3391 781 3455 VIII.
814 3393 842 3455 6.
876 3393 927 3454 73.
952 3392 1089 3472 adnotat,
1124 3393 1173 3454 vis
1208 3391 1265 3452 ali-

204 3501 357 3574 quantam
395 3503 521 3580 partem
561 3502 730 3582 amitteret,
762 3521 836 3565 cum
869 3503 1046 3585 insequens
1070 3503 1265 3585 epigramma

202 3602 305 3665 multo
328 3604 433 3671 levius
457 3614 488 3672 et
510 3612 620 3674 mitius
644 3614 686 3676 sit
709 3632 807 3694 quam
830 3613 1028 3676 antecedens.

309 3711 438 3778 Invenit
462 3718 544 3782 illud
561 3722 758 3805 epigramma
781 3721 1026 3785 Ciceronianam
1044 3718 1263 3794 Quintilianus

202 3822 245 3902 ,in
271 3822 411 3904 quodam
433 3827 567 3891 ioculari
601 3831 730 3908 libello}
777 3831 861 3896 Num
896 3833 924 3893 is
957 3850 975 3892 a
1011 3828 1161 3894 Cicerone
1194 3833 1263 3914 ipso

202 3933 405 4016 conscriptus
429 3937 480 4016 sit,
503 3956 543 4001 ex
568 3938 760 4013 Quintiliani
794 3941 902 4004 verbis
927 3958 1009 4021 quae
1033 3943 1142 4005 minus
1178 3948 1263 4007 certa

18 4039 30 4062 '
91 4079 93 4084 -
203 4047 277 4104 sunt
301 4043 393 4110 effici.
415 4065 480 4109 non
504 4052 617 4129 potest.
663 4049 731 4114 Nec
754 4069 829 4114 vero
866 4050 931 4114 scio
956 4071 996 4112 an
1031 4051 1113 4115 liber
1146 4054 1263 4118 intelli-

200 4150 326 4230 gendus
350 4155 400 4238 sit,
423 4157 458 4219 in
483 4178 546 4241 quo
571 4158 610 4222 ab
635 4161 697 4224 alio
719 4161 860 4243 quodam
876 4158 1038 4224 Ciceronis
1060 4162 1162 4227 facete
1179 4163 1263 4229 diota
