2998 4792
800 353 818 412 2

277 534 402 593 tantum
425 529 516 591 illum
552 526 678 610 legisse,
702 533 732 591 et
759 528 845 608 inde,
881 527 966 609 quod
990 527 1193 610 quorundam
1218 547 1258 590 ne
1281 547 1338 591 no-

277 640 366 701 mina
391 637 521 719 quidem
546 635 644 718 affert,
668 656 722 701 eos
739 637 870 700 omnino
883 655 948 698 non
964 639 998 698 in
1015 636 1164 702 manibus
1179 637 1338 701 habuisse.

280 746 539 810 Consentaneum
563 764 634 808 meo
659 745 789 828 quidem
813 745 932 808 iudicio
950 751 1006 826 est,
1023 745 1206 810 Ciceronem
1230 746 1339 810 claris·

281 856 360 918 simo
396 860 427 918 et
460 856 626 919 notissimo
666 857 784 937 cuique
818 859 928 936 poetae
966 854 1053 918 locos
1089 857 1337 939 deprompsisse,

279 965 354 1027 inde
378 968 485 1028 autem
509 984 575 1026 non
600 963 748 1040 efficitur,
773 967 893 1026 ceteros
916 969 1026 1046 poetas
1049 983 1123 1027 eum
1148 969 1203 1028 aut
1226 966 1341 1029 leviter

280 1078 336 1136 aut
360 1075 489 1136 omnino
513 1093 580 1137 non
604 1075 800 1156 cognovisse.

299 1227 303 1236 .
387 1182 486 1244 Tanto
520 1184 621 1264 igitur
654 1184 759 1264 poesis
802 1201 909 1268 amore
949 1201 1023 1245 cum
1062 1183 1213 1246 incensus
1249 1187 1340 1263 esset,

282 1293 397 1354 mirum
422 1291 525 1354 videri
548 1310 613 1353 non
637 1296 749 1372 potest,
785 1292 871 1374 quod
905 1291 974 1372 ipse
1003 1291 1082 1373 quid
1106 1292 1138 1352 in
1164 1309 1200 1354 ea
1224 1294 1344 1356 valeret

283 1401 416 1464 diversis
425 1400 621 1482 temporibus
633 1400 831 1483 periclitatus
844 1401 1181 1482 carminacomposuit.
1208 1400 1343 1488 Nullum

284 1515 399 1592 autem,
422 1515 459 1573 ut
482 1515 529 1573 est
556 1514 678 1591 notum,
710 1510 872 1591 integrum
901 1513 1063 1572 servatum
1093 1515 1150 1573 est.
1197 1508 1344 1572 Plurima

283 1621 466 1683 testimonia
501 1623 532 1682 et
565 1619 743 1701 fragmenta
776 1617 861 1699 apud
897 1637 971 1681 eum
1000 1619 1107 1700 ipsum
1139 1620 1173 1680 in
1207 1620 1345 1702 singulis

285 1731 411 1811 scriptis
435 1733 575 1809 exstant,
598 1728 756 1791 nonnulla
780 1727 843 1790 alia
867 1727 952 1810 apud
976 1726 1054 1790 alios
1083 1729 1261 1811 scriptores,
1285 1730 1345 1791 im-

284 1839 397 1920 primis
420 1835 656 1920 grammaticos.
703 1837 872 1901 Praeterea
900 1838 1003 1899 maior
1029 1838 1113 1900 inter
1136 1856 1169 1900 se
1193 1837 1346 1898 continua

285 1967 358 2029 pars
375 1946 674 2008 Phaenomenorum
700 1947 849 2010 carminis
872 1945 938 2010 iere
962 1947 1033 2010 500.
1051 1965 1163 2010 versus
1180 1945 1347 2027 complexa

287 2053 506 2137 compluribus
531 2053 695 2117 codicibus
718 2057 803 2117 inter
826 2056 903 2117 alias
927 2075 979 2128 res
994 2056 1108 2119 tradita
1129 2061 1183 2120 cst.
1231 2053 1348 2122 Omnia

288 2165 418 2228 collecta
453 2159 529 2226 sunt
562 2164 595 2224 in
631 2163 826 2226 editionibus
862 2162 1079 2228 Ciceronianis
1112 2165 1284 2249 (imprimis
1313 2165 1347 2225 in

288 2274 339 2338 ed.
362 2273 478 2336 Baiter.
508 2265 692 2352 &Kayser
727 2293 756 2334 1.
789 2270 850 2334 XI.
882 2270 969 2353 Lips.
1001 2273 1095 2335 1869.
1127 2292 1157 2354 p.
1183 2269 1344 2333 89-137.

288 2388 450 2466 praeterea
472 2383 507 2444 in
531 2383 579 2445 ed.
606 2381 714 2445 Orelli.
768 2377 906 2466 2(Baiter
929 2383 953 2442 dt
975 2377 1087 2465 Halm)
1112 2401 1141 2443 v.
1164 2379 1221 2442 IV.
1244 2379 1349 2442 Turio.

292 2493 387 2554 1861.
412 2513 440 2575 p.
467 2487 706 2570 1012-1053.,
741 2489 799 2552 ubi
833 2489 974 2552 adiectae
1009 2494 1086 2553 sunt
1112 2488 1219 2552 Nobbi
1252 2490 1350 2552 adno-

291 2603 437 2682 tationes
461 2602 494 2661 in
519 2601 567 2664 ed.
594 2599 626 2662 C.
650 2599 684 2664 F.
708 2598 760 2662 W.
788 2597 933 2662 Mueller.
979 2597 1014 2661 P.
1041 2598 1098 2664 IV.
1125 2620 1154 2662 v.
1179 2598 1240 2664 lll.
1263 2597 1349 2680 Lips.

293 2711 387 2772 1879.
410 2730 439 2793 p.
465 2709 658 2789 350-405,
693 2710 727 2770 in
755 2707 1049 2791 vetustioribusque
1087 2707 1295 2792 editionibus)
1320 2711 1351 2772 et

292 2841 310 2883 a
334 2820 526 2886 Baehrensio
551 2815 684 2904 (poetae
707 2817 813 2880 Latini
829 2816 979 2882 minores*
992 2816 1078 2901 Lips.
1092 2820 1176 2882 1879
1188 2841 1218 2902 p.
1232 2820 1350 2882 1—28.

293 2936 324 2994 et
346 2930 532 3012 ,fragmenta
555 2932 721 3011 poetarum
744 2926 973 2991 Romanorum*
1003 2927 1087 3011 Lips.
1117 2930 1212 2992 1886.
1234 2949 1262 3011 p.
1288 2929 1352 2990 298

291 3075 335 3084 -
353 3037 438 3119 315,
459 3038 526 3100 illic
543 3040 671 3114 Aratea,
695 3039 748 3100 hio
772 3043 876 3101 cetera
896 3035 1099 3123 fragmenta).
1147 3037 1225 3100 Cum
1244 3041 1354 3115 autem

294 3167 338 3228 ea,
361 3165 443 3229 quae
467 3147 571 3208 adhuc
595 3146 633 3208 de
657 3145 819 3211 Ciceronis
842 3149 931 3230 poesi
955 3149 1152 3230 scripserunt
1176 3148 1238 3208 viri
1262 3146 1353 3225 docti,

294 3276 311 3320 e
334 3261 423 3338 parte
447 3260 483 3317 ut
506 3254 641 3317 arbitror
664 3260 720 3317 aut
736 3259 877 3339 suppleri
892 3261 948 3318 aut
963 3257 1078 3338 corrigi
1089 3258 1222 3340 possint,
1239 3274 1353 3340 operae

295 3367 434 3450 pretium
456 3365 536 3427 mihi
559 3366 666 3427 visum
691 3369 745 3446 est,
770 3365 874 3428 denuo
899 3383 1010 3428 omnes
1040 3366 1127 3429 locos
1160 3367 1354 3448 perscrutari

296 3475 448 3558 quodque
472 3475 542 3536 erui
564 3479 667 3557 potest
690 3478 829 3538 statuere
862 3480 893 3537 et
924 3475 958 3536 in
991 3476 1149 3560 singulari
1172 3475 1279 3539 libello
1305 3474 1355 3538 Ci-

296 3585 421 3649 ceronis
444 3587 554 3667 poetae
572 3603 669 3666 quam
687 3585 958 3647 accuratissimam
973 3587 1147 3669 imaginem
1164 3586 1354 3649 adumbrare

266 3737 275 3752 .
296 3695 394 3776 idque
417 3695 470 3773 ita,
494 3694 588 3756 utin
611 3694 716 3777 priore
740 3694 799 3755 hac
821 3695 979 3776 particula
1012 3696 1051 3758 de
1082 3695 1355 3780 inscriptionibus,

299 3804 337 3866 de
361 3805 568 3887 argumentis,
595 3804 634 3866 de
657 3802 854 3885 temporibus
879 3804 1081 3886 singulorum
1109 3807 1297 3884 carminum,
1320 3802 1355 3863 in

299 3914 407 3996 altera,
433 3933 514 3996 quae
539 3914 712 3998 aliquando
736 3918 816 3996 post,
842 3914 869 3977 si
892 3913 1007 3996 licebit,
1024 3921 1186 3999 sequetur,
1204 3914 1241 3976 de
1258 3912 1354 3975 rebus

300 4024 449 4104 metricis,
471 4024 694 4106 grammaticis,
727 4024 844 4087 criticis
876 4024 1132 4106 generaliterque
1165 4024 1203 4086 de
1235 4023 1357 4105 poetica
1392 4027 1394 4031 ’

302 4132 463 4197 Ciceronis
486 4134 636 4198 facultate
660 4139 791 4197 acturus
815 4135 886 4199 sim.
