2998 4792
705 354 745 414 23

196 551 261 614 pax
286 529 522 614 quodammodo
542 530 688 592 restituta
718 533 748 594 et
771 529 926 592 memoria
947 527 1105 591 scelerum
1122 527 1198 587 anni
1211 524 1261 586 87.

197 641 403 724 aliquantae
429 643 517 720 parte
542 638 702 701 exstincta
738 644 786 702 est
822 637 876 721 (cf.
901 634 1093 701 Mommsen.
1139 633 1285 706 Histor„
1359 627 1360 631 ’

195 749 286 812 Rom.
310 747 372 810 ὃν.
389 747 432 810 ΙΙ.
456 769 485 830 p.
513 747 610 828 320),
657 747 835 828 Praeterea,
859 753 895 810 ut
918 751 1031 810 notum
1055 751 1111 828 est,
1133 745 1262 828 publica

196 859 373 922 multorum
397 856 510 920 caedes
529 856 656 920 facilius
674 878 770 940 quam
786 857 910 939 privata
926 857 1129 940 singulorum
1145 853 1262 917 occisio

196 969 386 1050 ignoscitur.
432 964 546 1048 Neque
570 967 666 1029 ctiam
690 967 918 1030 offendendum
942 985 1011 1028 csse
1032 964 1110 1026 mihi
1126 963 1263 1043 ridetur,

198 1077 285 1160 quod
301 1078 334 1138 in
351 1076 406 1138 illo
422 1077 583 1158 prooemio
597 1073 706 1139 Cicero
731 1076 770 1139 ad
787 1095 900 1158 poema
914 1076 979 1136 iam
996 1075 1030 1135 in
1047 1071 1263 1134 adulescentia

198 1187 414 1268 conscriptum
436 1186 589 1247 recurrit:
614 1205 690 1248 nam
715 1206 790 1249 cum
815 1188 884 1250 eius
908 1187 1136 1264 argumentum
1160 1199 1177 1242 e
1200 1178 1264 1242 Ro-

196 1314 365 1358 manorum
387 1295 532 1376 ipsorum
556 1293 654 1358 rebus
678 1295 899 1378 depromptum
928 1295 968 1357 do
1004 1293 1071 1355 viro
1106 1288 1264 1354 excellen-

196 1405 320 1467 tissimo
344 1408 459 1486 ageret,
482 1403 552 1466 fieri
581 1422 647 1466 non
675 1405 787 1487 potuit,
817 1406 897 1488 quin
929 1402 1051 1464 diutius
1085 1402 1120 1462 in
1147 1398 1264 1462 Roma·

196 1531 311 1574 norum
335 1513 450 1576 animis
475 1520 505 1576 et
528 1514 682 1576 memoria
705 1513 858 1591 haereret,
874 1531 982 1594 nequo
1006 1510 1188 1573 mirandum
1206 1513 1262 1587 est,

196 1621 282 1703 quod
316 1623 490 1704 posteriore
528 1624 625 1685 ctiam
660 1628 801 1706 tompore
839 1625 923 1686 circa
955 1642 981 1684 a.
1015 1621 1067 1682 52.
1101 1617 1263 1681 Ciceronis

195 1731 379 1811 adversarii,
412 1731 445 1794 id
482 1732 566 1814 quod
590 1733 720 1794 initium
744 1731 899 1794 librorum
933 1731 972 1793 de
1005 1728 1134 1810 legibus
1165 1728 1264 1806 docet,

195 1859 324 1903 carmen
348 1841 430 1903 illud
449 1840 653 1914 adhibebant,
678 1845 716 1902 ut
740 1841 779 1902 do
803 1841 874 1903 cius
898 1839 1086 1902 auctoritato
1110 1840 1141 1898 et
1163 1835 1265 1916 gloria

197 1949 408 2012 detraherent.
469 1950 509 2012 Id
544 1968 674 2031 quoque
708 1949 906 2012 monendum
942 1952 998 2027 est,
1034 1945 1121 2028 quod
1154 1944 1263 2008 Cicero

196 2057 264 2137 ipse
288 2057 388 2120 semel
411 2063 507 2140 atque
530 2060 648 2122 iterum
672 2059 706 2120 in
736 2059 861 2140 scriptis
894 2059 962 2121 suis
998 2056 1039 2119 ad
1062 2059 1181 2118 Aratea
1215 2072 1265 2117 re-

199 2167 308 2246 currit,
333 2185 415 2248 quae
439 2168 527 2230 haud
550 2169 594 2230 ita
616 2169 724 2250 magni
748 2167 944 2230 aestimanda
976 2169 1046 2248 ipsa
1078 2185 1207 2248 quoque
1229 2166 1264 2226 in

199 2275 418 2340 adulescentia
442 2295 596 2340 conversa
620 2282 707 2341 sunt.
752 2278 888 2341 Accedit
924 2277 1009 2360 quod
1043 2273 1152 2338 Cicero
1184 2275 1263 2336 adu-

197 2383 319 2448 lescens
348 2391 379 2448 et
413 2391 484 2469 post
517 2405 626 2469 usque
656 2388 696 2449 ad
726 2389 929 2450 consulatum
962 2384 1109 2468 populari
1144 2401 1263 2446 causae

198 2494 356 2580 studebat,
380 2497 499 2578 qnippe
523 2498 580 2578 qui
603 2515 670 2559 non
692 2497 865 2578 ignoraret,
889 2514 932 2575 se,
949 2514 1023 2557 cunr
1039 2492 1172 2576 ignobili
1192 2492 1263 2555 loco

198 2607 293 2665 natus
318 2609 411 2678 esset,
436 2605 573 2669 honores
609 2607 645 2668 in
677 2623 712 2668 re
740 2604 868 2688 publica
891 2624 957 2668 non
981 2604 1045 2666 nisi
1068 2601 1185 2685 populo
1210 2600 1264 2663 ad-

200 2711 341 2789 iuvante,
383 2713 439 2792 qui
477 2716 682 2794 magistratus
721 2719 850 2796 crearet⁷
894 2718 1146 2778 consecuturum
1186 2729 1264 2774 esse.

200 2819 371 2882 Praeterea
399 2825 466 2881 orat
488 2821 652 2902 popularis
684 2825 953 2905 propinquosque
976 2825 1065 2903 Mari,
1090 2828 1121 2885 et
1145 2825 1266 2902 quanta

200 2929 411 2991 admiratione
434 2927 564 2993 victoris
589 2929 793 2992 Cimbrorum
821 2932 1008 3014 patriaeque
1032 2929 1265 2994 conservatoris

200 3043 300 3100 totam
325 3055 382 3119 per
405 3039 505 3101 vitam
528 3039 674 3102 imbutus
697 3039 805 3121 fuerit,
827 3041 980 3122 permulti
1002 3041 1064 3102 loci
1081 3039 1264 3121 exscriptis

200 3147 271 3209 eius
294 3147 478 3210 testimonio
503 3145 578 3212 sunt
642 3149 751 3230 Atque
784 3151 882 3212 etiam
913 3167 1035 3212 errores
1058 3148 1105 3211 illi
1129 3147 1210 3210 llari
1234 3152 1265 3210 et

199 3275 294 3319 casus
317 3255 445 3320 mirifici
468 3259 628 3340 imprimis
656 3257 871 3322 adulescentis
899 3259 1066 3340 ingenium
1090 3257 1265 3320 oblectasse

199 3370 230 3428 et
254 3365 294 3427 ad
316 3384 433 3430 versus
456 3367 619 3431 faciendos
643 3367 794 3431 allexisse
816 3369 981 3432 iudicandi
1006 3372 1091 3432 sunt.
1138 3365 1265 3428 Deinde

200 3474 227 3536 si
257 3493 385 3537 carmen
410 3477 543 3540 intera.
570 3477 619 3540 bb.
645 3483 676 3541 ct
701 3479 750 3541 52.
784 3479 999 3560 conscriptum
1034 3481 1091 3552 est,
1125 3475 1264 3557 suspicio

203 3583 437 3662 quodammodo
460 3591 618 3668 movetur,
654 3587 740 3670 quod
763 3588 832 3650 cius
862 3588 896 3650 in
922 3587 1068 3670 epistulis
1098 3583 1265 3667 permultis

201 3710 244 3754 ex
278 3690 342 3752 illis
375 3695 469 3756 annis
505 3697 538 3757 in
571 3696 674 3758 tribus
709 3716 820 3759 earnm
850 3696 1037 3780 corporibus
1061 3695 1264 3758 exstantibus

199 3820 364 3882 nusquam
388 3804 505 3865 mentio
528 3803 572 3866 fit.
618 3803 686 3868 Nec
710 3825 786 3868 vero
812 3806 876 3868 scio
901 3825 942 3867 an
966 3805 1001 3866 in
1024 3805 1186 3886 prooemio
1208 3804 1264 3866 illo

200 3911 356 3973 librorum
382 3910 421 3973 de
444 3910 569 3993 legibus
593 3911 701 3976 Cicero
725 3915 793 3996 ipse
817 3914 930 3976 leviter
952 3911 1110 3994 significet
1126 3911 1263 3974 Marium

202 4039 235 4082 so
260 4019 498 4083 adulescentem
522 4023 747 4103 composuisse,
771 4021 808 4086 cf.
832 4022 855 4085 I.
883 4023 909 4082 1.
934 4024 964 4084 4.
979 4021 1046 4100 ‚scd
1062 4025 1169 4084 tamon
1184 4041 1264 4084 non-

201 4131 283 4192 nulli
317 4131 379 4209 isti,
422 4129 489 4193 Tite
523 4135 641 4209 noster,
679 4130 803 4192 faciunt
836 4131 993 4211 imperite,
1029 4131 1085 4212 qui
1114 4131 1153 4234 i'n
1187 4132 1262 4195 isto
