2998 4792
553 387 557 398 '
688 389 706 450 5

166 565 293 649 scripta*
317 567 352 629 in
377 565 580 629 Onomastioo
607 565 754 629 Tulliano
789 565 828 628 ab
853 563 971 628 Orellio
1007 563 1092 628 edito
1126 561 1162 626 P.
1198 561 1224 624 I.

167 673 212 760 (v.
236 675 307 757 VI.)
330 695 360 758 p.
387 676 438 741 11.
462 675 618 740 Baehrius
647 676 678 756 (l.
708 695 733 738 c.
756 695 785 738 r.
808 673 832 737 Ι.
856 694 886 757 p.
908 672 1001 755 438.)
1035 669 1225 737 Leutschius

168 783 335 852 (Zeitschr.
368 784 422 847 fiir
454 785 817 849 Altortumswissensch.
866 784 960 848 1834.
986 803 1017 866 pr
1054 780 1126 844 162.
1150 780 1223 844 adn.

169 893 413 974 171Η1111111
437 895 470 976 (l.
496 914 522 958 c.
548 916 578 978 p.
602 895 651 958 28.
680 889 746 978 29.)
771 892 997 968 1111111111
1021 909 1131 955 eorum
1155 909 1225 952 sen-

166 1004 301 1065 tentiam
335 1001 478 1068 Nobbius
513 1001 592 1089 (Cic.
625 1002 673 1066 ed.
709 998 1104 1085 0r.2v.1V.p.1053.)
1140 999 1225 1076 dicit,

169 1111 320 1192 Aeschyli
357 1112 466 1176 drama
512 1131 578 1174 non
618 1111 762 1188 Γλαῦκος
798 1107 948 1189 Πόντιος,
988 1110 1044 1174 sed
1084 1108 1227 1185 Γλαῦκος

168 1216 325 1298 Ποτνιεύς
346 1221 399 1284 vel
420 1216 564 1298 Πότνιος
586 1223 776 1306 inscriptum
792 1222 902 1303 fuisse,
925 1220 1048 1284 nullius
1071 1220 1227 1284 momenti

168 1335 226 1413 cst,
249 1351 321 1394 curn
343 1332 410 1394 iam
433 1351 452 1394 a
475 1331 589 1394 Paullo
613 1330 776 1414 beopardo
792 1329 976 1418 (emendatt.
1000 1329 1058 1393 XI.
1084 1331 1135 1394 24.
1162 1329 1225 1408 25.)

169 1445 293 1523 etpost
316 1441 446 1524 saepius
469 1461 487 1503 1
510 1442 588 1504 viris
612 1442 712 1505 doctis
736 1443 917 1524 expositum
947 1442 997 1522 sit,
1024 1433 1226 1521 Aeschylum

168 1547 249 1610 duas
264 1549 349 1612 inter
366 1569 401 1613 se
418 1551 561 1613 diversas
575 1549 701 1614 fabulas
718 1551 862 1628 Γλαῦκος
876 1546 1020 1627 Πόντιος
1036 1553 1067 1612 11
1084 1547 1227 1622 ,Γλαῦκος

147 1655 324 1751 ΙΠοτνιεύς
363 1661 590 1742 composuisse.
648 1660 799 1724 Attamen
833 1678 897 1722 non
935 1665 1024 1741 puto,
1065 1657 1226 1720 Ciceronis

166 1764 322 1831 Pontium
337 1767 497 1832 Glaucum
510 1787 637 1832 carmen
648 1769 812 1832 scenicum
823 1769 863 1831 ad
875 1767 1030 1848 Aeschyli
1043 1765 1226 1847 exemplum

165 1878 379 1958 compositum
403 1897 482 1943 esse.
529 1878 589 1940 Vel
613 1877 809 1940 vocabulum
825 1871 1029 1962 ποιημάτιον
1045 1893 1109 1957 quo
1126 1874 1228 1936 utitur

166 1982 362 2048 Plutarchus
395 1987 522 2050 obstare
553 1985 633 2049 mihi
669 1987 802 2055 videtur.
858 1985 927 2050 Nec
962 1983 1136 2049 verisimile
1171 1986 1227 2062 est,

168 2111 309 2173 puerum
334 2093 519 2158 Ciceronem
544 2115 617 2160 eum
633 2098 739 2179 ipsum
756 2101 890 2180 poetam,
915 2097 1055 2178 quierat
1078 2091 1227 2156 difficilli-

168 2220 242 2264 mus
264 2202 439 2283 intellectu,
463 2197 733 2270 imitandum'sibi
746 2207 960 2290 proposuisse.
1000 2203 1080 2266 Mihi
1098 2202 1226 2285 quidem

166 2311 273 2393 potius
296 2312 436 2395 lyricum
458 2332 571 2396 poema
594 2316 728 2379 minoris
746 2313 969 2400 amplitudinis
985 2314 1084 2378 fuisse
1100 2312 1228 2374 videtur

166 2425 197 2482 et
220 2421 260 2484 ad
282 2427 393 2504 poetas
405 2423 644 2488 Alexandrinos
666 2427 894 2488 revocandum.
935 2423 999 2499 Qut
1019 2439 1227 2506 quamsaepe

166 2535 198 2594 et
233 2551 328 2614 quam
362 2531 499 2596 libenter
532 2533 625 2597 illum
657 2533 807 2616 mythum
839 2534 989 2598 versibus
1012 2531 1227 2611 tractaverint,

166 2640 357 2721 intelligitur
391 2659 433 2704 ex
467 2642 634 2707 Athenaeo
669 2645 734 2725 (ed.
768 2641 949 2727 Schweigh.
972 2643 994 2706 1.
1017 2641 1090 2705 VII.
1115 2661 1142 2704 r.
1167 2640 1227 2704 III.

169 2765 200 2828 p.
226 2745 277 2808 81.
300 2746 392 2831 sqq),
416 2753 472 2831 qui
494 2752 581 2815 haud
604 2755 650 2816 111
672 2773 792 2836 paucos
816 2757 926 2835 poetas
951 2755 1127 2815 enumerat.

275 2853 324 2918 De
347 2864 541 2938 argumente,
564 2879 639 2923 cum
662 2880 775 2925 versus
797 2882 864 2924 non
881 2866 1017 2941 exstent,
1040 2861 1138 2925 statui
1161 2878 1227 2921 non

166 2968 280 3047 potest,
303 2969 413 3028 utrum
437 2965 545 3031 Cicero
564 2969 722 3050 quomodo
748 2969 889 3034 Glaucus
908 2970 1005 3034 herba
1028 2971 1084 3033 1111
1101 2988 1228 3034 comesa

166 3075 203 3134 in
226 3073 323 3137 deum
347 3076 511 3138 marinum
535 3082 677 3141 mutatus
697 3081 736 3143 sit
757 3083 936 3144 narraverit
951 3101 992 3144 an
1005 3100 1107 3145 unum
1125 3099 1227 3162 quen-

168 3182 242 3244 dam
265 3202 306 3246 ex
338 3184 449 3248 multis
482 3185 548 3250 illis
581 3187 754 3270 amoribus,
789 3188 906 3272 quibus
928 3190 1227 3254 Alexandrinorum

166 3296 267 3356 aetate
290 3292 433 3358 famosus
457 3302 524 3360 1111
547 3295 601 3384 (of.
624 3298 742 3364 Athen.
766 3299 785 3364 l.
812 3297 863 3384 c).

272 3401 347 3466 Uno
386 3409 511 3468 tantum
546 3409 727 3472 testimonio
749 3409 869 3492 'elegia
904 3427 1032 3492 quoque
1072 3408 1228 3492 quaedam
1286 3425 1353 3473 1111

168 3509 337 3595 Ciceronis,
360 3515 454 3578 cuius
477 3535 596 3581 nomen
619 3520 764 3582 nondum
790 3518 997 3602 probabiliter
1020 3523 1148 3581 erutum
1172 3478 1398 3592 estfflfflmam'

168 3618 311 3682 traditur.
367 3623 498 3688 Servius
522 3629 608 3690 enim
632 3628 672 3690 ad
695 3627 791 3712 Verg.
814 3627 926 3692 Bucol.
950 3627 976 3691 I.
1003 3625 1054 3691 58.
1080 3626 1226 3688 adnotat:

166 3727 374 3814 palumbes!
390 3733 569 3819 columbae,
599 3757 679 3819 quas
712 3737 827 3820 volgus
857 3741 936 3801 totas
969 3738 1074 3798 vocat:
1104 3736 1135 3796 et
1163 3751 1229 3795 non

166 3838 319 3901 dicuntur
342 3838 463 3926 Latine,
485 3846 541 3908 sed
564 3847 739 3909 multorum
763 3849 935 3910 auctoritas
957 3843 1110 3907 Latinum
1142 3841 1225 3918 facit,

167 3945 275 4010 Cicero
299 3950 333 4012 in
358 3950 461 4034 elegia
485 3975 566 4036 quae
589 3956 612 4038 †
635 3953 834 4018 Taleamasta
857 3953 1062 4017 inscribitur:

273 4059 344 4140 ,iam
377 4081 463 4126 maro
490 4063 692 4145 Tyrrhenum
715 4064 812 4145 longe
839 4063 1035 4144 penitusque
1063 4059 1230 4144 palumbes

270 4169 434 4252 relliquit.‘
