2998 4792
696 343 737 406 29

186 527 295 590 tonius
326 524 399 602 (the
434 523 557 602 history
593 521 626 584 of
655 521 707 584 the
741 519 795 583 life
830 519 864 581 of
892 517 934 581 Μ.
968 517 1091 580 Tullius
1116 513 1246 578 (licem.t

188 633 320 698 2Basil.
348 633 444 695 1790.
479 651 509 693 u.
537 631 561 694 I.
592 652 621 713 p.
653 628 719 708 16.)
752 634 783 692 el
817 628 982 692 Heusdius
1019 626 1054 712 (l.
1079 646 1103 688 o.
1126 646 1156 708 p.
1180 623 1248 708 49.)

189 743 308 808 volunt.
355 741 418 806 Sed
453 740 631 821 argumenti
659 740 783 802 ratione
818 737 926 801 habita
949 739 1055 800 nescio
1080 756 1120 799 an
1144 742 1249 798 matu-

187 855 272 917 riore
289 855 390 914 aetate
410 852 451 914 sit
467 854 566 913 ortus.
605 848 752 911 Fortasse
769 848 884 911 —sed
900 848 946 910 nil
962 849 1026 911 nisi
1043 847 1183 928 suspicio
1201 852 1249 909 est

189 961 387 1044 argumentis
409 979 475 1022 non
508 957 665 1022 firmanda
687 991 731 1004 --
755 937 881 1020 carmen
916 956 998 1019 illud
1021 957 1250 1039 epigrammata

189 1069 384 1153 imaginibus
396 1068 618 1132 excellentium
630 1067 773 1128 virorum
787 1069 930 1150 apposita
946 1067 1114 1142 continuit,
1130 1066 1249 1148 quibus

191 1180 300 1242 Cicero
323 1179 529 1242 Ameltbeum
552 1178 587 1240 in
609 1175 739 1259 praedio
763 1175 913 1259 Arpinati
941 1177 1026 1239 circa
1049 1196 1076 1238 a.
1101 1175 1151 1236 60.
1175 1194 1250 1237 con-

190 1292 337 1353 stitutum
360 1289 460 1352 Attici
495 1286 681 1369 exemplum
713 1292 844 1350 secutus
868 1305 998 1350 ornasse
1029 1285 1159 1348 ridetur
1194 1281 1248 1368 (cl.

191 1398 238 1460 ad.
262 1398 322 1460 Att.
346 1397 450 1460 1.,16.
477 1395 600 1479 15311.
626 1396 654 1458 1.
681 1396 743 1479 lle,
766 1394 810 1458 Il.
835 1397 864 1459 7.
891 1393 945 1481 5.).

294 1507 463 1570 Praeterea
486 1505 718 1588 posterioribus
742 1507 836 1570 annis
860 1503 954 1568 Musa
982 1506 1049 1568 suis
1074 1505 1177 1587 ipsius
1200 1523 1250 1565 ra·

189 1617 331 1680 tionibus
366 1617 575 1697 consiliisque
599 1614 739 1678 obnoxia
773 1615 856 1678 facta
892 1614 1018 1677 duobus
1054 1613 1250 1676 carminibus

188 1745 239 1788 res
262 1745 337 1788 suas
360 1726 462 1808 ipsius
486 1723 667 1788 celebravit.
727 1725 774 1786 Ao
796 1725 936 1806 primum
961 1723 999 1786 de
1022 1723 1077 1784 illo
1110 1724 1251 1785 carmine

190 1835 365 1898 dicendum
388 1838 444 1912 est,
469 1853 532 1916 quo
557 1834 759 1896 consulatum
780 1853 876 1896 suum
900 1832 1076 1914 descripsit.

296 1943 392 2006 Anno
417 1943 469 2006 63.
494 1942 685 2006 circumacto
711 1941 829 2023 Cicero,
855 1947 890 2004 ut
913 1946 980 2004 erat
1002 1941 1120 2025 plenus
1151 1940 1291 2003 ambi-De
1306 1950 1420 2044 ffissssffllm

191 2053 287 2114 tionis
310 2052 496 2134 gloriaeque
519 2052 643 2134 avidus,
661 2072 787 2116 summa
811 2052 983 2134 cupiditate
1006 2053 1159 2115 incensus
1176 2056 1251 2132 erat,

191 2166 227 2224 ut
254 2161 405 2242 splendor
428 2161 614 2225 consulatus
639 2163 698 2242 sui,
728 2181 823 2245 quem
848 2161 945 2225 Ourio
974 2154 1171 2225 ἀποθέωσιν
1193 2181 1252 2223 vo-

192 2269 284 2334 cabat
317 2269 370 2349 (cl.
395 2270 435 2332 ad
458 2271 524 2333 Att.
547 2270 572 2334 l.
600 2270 650 2335 16.
678 2269 756 2354 13),
791 2292 855 2355 quo
877 2272 959 2334 nihil
993 2271 1253 2354 magnificentius

191 2379 276 2462 apud
300 2380 446 2444 homines
470 2399 539 2443 esse
562 2381 630 2463 ipse
653 2381 818 2464 profitetur
842 2380 896 2467 (of.
921 2381 961 2444 ad
975 2383 1041 2444 Att.
1066 2379 1243 2466 I.19.10.)

192 2490 231 2558 ad
254 2491 501 2554 immortalitatis
517 2492 703 2558 memoriam
720 2496 970 2556 consecraretur.
1019 2490 1110 2566 Quod
1123 2495 1158 2554 ut
1170 2509 1255 2554 asse·

195 2608 354 2679 queretur,
378 2599 416 2661 ab
441 2602 552 2664 amicis
574 2605 612 2664 ut
635 2601 673 2663 de
697 2599 794 2664 rebus
818 2619 836 2664 a
860 2620 893 2664 se
920 2603 953 2663 in
971 2601 1141 2664 consulatu
1155 2601 1255 2683 gestis

195 2705 370 2768 scriberent
402 2710 522 2789 petivit,
551 2710 606 2772 sed
641 2730 660 2772 a
692 2712 854 2794 plerisque
888 2711 1017 2792 frustra,
1047 2715 1084 2773 ut
1119 2711 1255 2772 videtur.

195 2816 342 2894 Archias,
365 2821 459 2898 poeta
483 2819 613 2897 amicus,
637 2821 781 2900 promisit
805 2820 945 2901 quidem,
969 2839 1099 2883 carmen
1123 2837 1156 2882 se
1180 2837 1256 2880 con-

196 2926 339 2988 diturum
363 2943 442 3005 esse,
471 2926 570 3008 idque
601 2927 762 2990 inchoavit
797 2928 849 3011 (of.
880 2947 937 3010 pro
972 2928 1092 2992 Archia
1117 2929 1167 2991 11.
1200 2929 1256 3006 28;

198 3037 249 3100 12.
280 3031 355 3118 31),
388 3032 531 3098 finivisse
566 3043 674 3100 autem
709 3057 773 3100 non
812 3037 940 3101 videtur
971 3035 1025 3123 (cf.
1059 3037 1099 3100 ad
1130 3037 1198 3101 Att.
1232 3037 1257 3100 I.

199 3145 248 3208 16.
263 3146 312 3206 15.
326 3192 348 3225 ‚.
364 3193 371 3209 .
386 3195 393 3209 .
408 3193 416 3210 .
439 3165 513 3208 cum
530 3145 666 3211 Archias
678 3147 759 3210 nihil
776 3148 814 3211 de
829 3165 881 3209 me
896 3147 1107 3230 scripserit‘).*
1144 3147 1259 3230 Neque

196 3257 292 3318 etiam
317 3253 439 3318 Ohilius
462 3261 555 3340 poeta
579 3256 735 3322 desiderio
765 3256 926 3322 Ciceronis
957 3259 1111 3321 satisfecit
1140 3257 1189 3338 (cf.
1218 3257 1258 3319 ad

196 3367 261 3428 Att.
288 3365 313 3430 I.
350 3366 398 3428 16.
433 3362 514 3452 ln).
573 3366 814 3450 Epigrammata
848 3366 911 3450 illa,
946 3388 1030 3450 quae
1065 3369 1190 3430 Atticus
1226 3367 1259 3426 in

197 3474 337 3538 illustres
360 3477 455 3554 viros,
478 3477 562 3541 inter
585 3496 639 3540 eos
671 3476 706 3538 in
731 3474 927 3558 Ciceronem,
962 3478 1186 3561 composuerat
1220 3473 1260 3535 ad

200 3583 379 3646 ornandum
401 3581 610 3650 Amaltheam
646 3585 699 3672 (ci.
723 3586 763 3648 ad
794 3587 859 3648 Att.
888 3586 914 3651 I.
941 3587 992 3653 16.
1019 3589 1094 3668 lb),
1125 3585 1260 3668 gloriam

306 3781 331 3848 *J
353 3780 489 3834 Heusdius
508 3782 536 3848 (l.
556 3800 577 3840 c.
597 3801 621 3852 p.
643 3782 697 3852 53.)
711 3782 821 3848 iudicat,
832 3781 961 3836 Archiam
980 3782 1126 3834 detrectato
1145 3779 1262 3848 primum

201 3890 279 3940 opere
298 3872 404 3926 exorari
424 3889 451 3926 se
470 3875 577 3928 tandem
605 3892 713 3943 passum
742 3891 809 3939 esso,
829 3875 876 3926 sed
903 3890 956 3926 non
980 3873 1180 3926 assentiendum
1210 3873 1262 3938 est3
1341 3881 1343 3886 ·

200 3981 262 4018 narn
281 3963 395 4034 epistula
414 3966 456 4021 ed.
467 3969 521 4020 Att.
532 3968 553 4020 l.
567 3969 606 4023 16.
617 3985 640 4021 a.
660 3969 702 4023 61.
721 3967 765 4038 (oi.
775 3984 835 4036 epp.
846 3963 930 4017 Cicer.
950 3964 998 4018 sel.
1013 3966 1053 4020 ed.
1066 3965 1111 4020 Fr.
1119 3963 1263 4017 Holmann.

202 4059 319 4114 ³Berol.
338 4057 407 4118 1879
426 4077 452 4117 v.
472 4057 493 4115 Ι.
512 4076 538 4128 p.
558 4059 599 4116 29.
620 4062 681 4115 adn.
701 4061 735 4113 ad
754 4055 901 4127 cpadAlt.
913 4055 935 4108 Ι.
948 4056 1000 4125 16.)
1020 4058 1120 4124 scripta
1139 4055 1180 4108 est
1203 4057 1264 4122 post

203 4151 349 4208 orationem
368 4169 415 4221 pro
434 4151 536 4207 Archia
555 4169 578 4206 a.
598 4153 639 4210 62,
658 4153 787 4207 habitam.
