2998 4792
749 347 791 409 40

237 521 375 585 eundem
399 541 470 587 esse
492 538 682 608 persuasum
707 522 801 586 habet
824 527 922 607 atque
944 523 1025 586 illud
1049 543 1191 602 carmen3
1216 525 1301 587 veri-

237 631 340 694 simile
372 636 479 695 autem
514 634 584 696 viro
620 633 712 698 docto
738 652 808 697 esse
840 632 978 713 videtur,
1013 651 1140 695 carmen
1165 635 1298 697 omnino

235 759 300 802 non
325 761 342 803 a
366 739 519 805 Cicerone
543 742 622 825 ipsu,
646 741 701 806 sed
724 746 795 824 post
818 743 888 804 eius
911 747 1046 805 mortem
1073 741 1193 824 publici
1216 744 1297 807 iuris

234 849 356 912 factum
375 869 455 930 esse,
478 870 550 914 cum
568 851 631 915 huc
650 855 778 914 revocet
797 849 884 914 Cassi
902 848 1016 913 Dionis
1035 851 1137 917 verba
1154 851 1295 933 (39.10.)

235 956 374 1041 ,βιβλίον
395 956 507 1042 μέντοι
542 985 576 1024 τι
611 952 799 1048 ἀπόρρητον
833 963 991 1049 συνέθηκε
1024 958 1082 1024 καὶ
1111 958 1298 1047 ἐπέγραψεν

234 1058 324 1154 αὐτῷ
348 1061 392 1146 ὥς
426 1068 484 1134 καὶ
518 1068 607 1157 περὶ
642 1071 718 1134 τῶν
752 1065 889 1134 ἑαυτοῦ
911 1065 1189 1152 βουλευμάτων
1211 1063 1296 1136 ἀντο-

234 1172 391 1260 λογισμὸν
413 1203 488 1243 τινα
511 1177 627 1259 ἔχοντι.
674 1175 788 1244 Πολλὰ
824 1177 859 1244 δὲ
894 1174 932 1266 δη
958 1176 1015 1243 καὶ
1048 1173 1139 1243 δεινὰ
1163 1176 1195 1256 ἒς
1214 1171 1296 1245 Υυιίνὸ

234 1283 292 1350 καὶ
328 1285 404 1373 περὶ
439 1283 571 1352 ἐκείνων
606 1286 661 1374 (sc.
687 1289 725 1351 de
750 1287 885 1353 Caesare
909 1293 940 1351 et
965 1287 1092 1374 Crasso)
1128 1287 1186 1353 καὶ
1219 1287 1295 1376 περὶ

233 1386 340 1458 ἄλλων
352 1397 451 1460 τινῶν
462 1401 610 1483 συνένησε
621 1394 678 1461 καὶ
692 1391 748 1461 διὰ
759 1399 853 1462 τοῦτο
865 1393 1037 1486 φοβηθείς,
1048 1393 1095 1485 μὴ
1106 1395 1163 1468 acl
1177 1398 1298 1480 ζῶντος

232 1496 330 1568 αὐτοῦ
363 1501 551 1595 ἓνφοιιβση,
585 1501 832 1595 καιοσημήναιό
864 1530 899 1570 τε
921 1500 999 1572 οὐτὸ
1033 1506 1090 1572 καὶ
1125 1507 1298 1593 παρέδωκε

232 1613 281 1697 τῷ
304 1612 405 1678 παιδὶ
428 1612 617 1701 προστάξας
639 1612 671 1681 οἱ
694 1612 772 1704 μήτ’
797 1607 962 1702 ἇναμιῦνοιι
985 1613 1066 1706 μήτε
1083 1617 1297 1705 δημοσιεῦσαι

232 1717 274 1784 τὰ
297 1729 507 1809 γεγραμμένα,
532 1725 612 1813 πρὶν
634 1711 899 1814 ἂνμειαλλάξηέ
945 1728 1007 1790 Sed
1035 1727 1203 1809 Suringari
1227 1746 1299 1791 sen-

230 1835 332 1895 tentia
356 1854 422 1897 non
445 1837 621 1918 probabilis
645 1842 694 1902 est
717 1837 766 1918 (cf.
790 1835 904 1900 Baehr.
928 1835 1076 1900 Heidelb.
1101 1835 1211 1899 Jahrb.
1241 1837 1297 1900 der

231 1940 371 2007 Litterat.
401 1946 496 2008 1847.
531 1966 559 2028 p.
597 1948 670 2009 353.
699 1947 794 2030 sqq.).
831 1947 1038 2010 Anecdotum
1077 1948 1163 2009 enim
1202 1947 1295 2009 illum

230 2051 350 2114 librum
374 2053 429 2134 (cf.
455 2054 495 2116 ad
519 2056 585 2118 Att.
610 2055 653 2120 ΙΙ.
679 2058 707 2118 6.
732 2057 776 2140 2.)
801 2056 909 2120 Cicero
934 2058 1155 2139 ,Theopompio
1179 2075 1296 2137 genere

230 2165 289 2222 ¹aut
312 2162 407 2224 etiam
432 2163 591 2245 asperiore
616 2165 728 2226 multo‘
754 2168 942 2248 composuit,
965 2168 1000 2227 in
1024 2167 1165 2228 carmine
1189 2169 1296 2229 autom

233 2268 272 2332 de
296 2270 493 2353 temporibus
519 2272 646 2336 condito
670 2272 867 2335 moderatius
891 2278 921 2336 et
944 2275 1081 2355 parcius,
1105 2279 1140 2334 ut
1164 2275 1294 2353 scimus

234 2379 273 2442 de
295 2380 437 2444 inimicis
461 2383 536 2464 egit.
582 2381 752 2446 Praeterea
787 2400 914 2444 carmen
949 2382 1013 2443 iam
1048 2400 1075 2442 a.
1103 2382 1152 2441 54.
1177 2379 1229 2463 (cf.
1255 2383 1295 2442 ad

232 2488 306 2552 fam.
342 2489 368 2552 Ι.
394 2492 424 2553 9.
450 2489 516 2576 23.)
553 2491 735 2554 coniectum
767 2497 842 2572 erat,
876 2491 921 2552 ita
957 2494 992 2552 ut
1026 2491 1130 2571 primo
1166 2507 1294 2571 quoque

232 2602 374 2680 tempore
399 2600 438 2661 ad
459 2599 633 2662 Lentulum
657 2603 740 2664 mitti
762 2604 869 2684 posset
893 2601 965 2658 eta
989 2595 1131 2679 Caesare,
1154 2603 1191 2661 ut
1206 2598 1295 2661 vide-

231 2711 295 2787 tur,
318 2706 429 2770 eodem
452 2709 507 2770 illo
532 2728 618 2771 anno
650 2710 819 2792 legeretur,
855 2708 1031 2773 anecdotus
1068 2717 1176 2771 autem
1212 2708 1294 2771 liber

232 2836 261 2879 a.
285 2817 338 2880 44.
361 2816 413 2898 (cf.
438 2818 478 2880 ad
502 2818 568 2881 A'tt.
593 2816 683 2882 XIV.
711 2820 761 2883 17.
780 2817 824 2904 6.)
849 2819 995 2883 nondum
1019 2819 1194 2901 perpolitus
1218 2822 1293 2880 erat.

230 2929 340 3009 Atque
365 2929 460 2991 etiam
484 2930 542 2990 vix
565 2927 695 2992 Cassius
718 2927 780 2992 Dic
803 2931 826 2993 l.
850 2950 876 2992 c.
902 2947 1031 2992 carmen
1060 2928 1147 3010 quod
1176 2927 1215 2990 de
1239 2946 1295 2988 ex-

231 3036 303 3098 silio
327 3037 500 3120 redituque
524 3038 638 3121 agebat
662 3039 821 3122 appellare
844 3039 948 3121 potuit
970 3036 1091 3099 librum
1115 3034 1203 3122 ,περὶ
1228 3038 1294 3100 τῶν

231 3138 344 3208 ἑαυτοῦ
367 3143 613 3228 caetratorum
660 3149 723 3211 Hic
747 3149 829 3212 liber
851 3149 951 3231 igitur
974 3152 1005 3210 et
1031 3146 1086 3209 ille
1111 3147 1293 3228 anecdotos,

232 3255 289 3336 qui
312 3273 406 3336 prosa
434 3258 576 3320 oratione
605 3260 776 3341 conscripti
811 3259 897 3321 idem
921 3276 991 3320 esse
1026 3260 1064 3337 et,
1099 3257 1126 3318 si
1161 3259 1292 3320 omnino

232 3362 384 3446 divolgati
407 3370 493 3437 sunt,
516 3385 582 3428 non
603 3368 676 3428 vivo
694 3365 845 3430 Cicerone
862 3366 1015 3447 divolgati
1038 3384 1107 3427 esse
1131 3365 1292 3445 videntur,

231 3472 271 3535 ab
294 3475 349 3536 illo
373 3475 513 3538 carmine
532 3480 741 3539 secernantur
764 3495 894 3539 necesse
919 3480 974 3537 est.

338 3582 385 3648 Do
410 3585 616 3667 dispositione
650 3590 681 3648 et
715 3585 929 3667 explicatione
962 3603 1072 3647 rerum
1095 3585 1128 3645 in
1152 3585 1294 3647 carmine

231 3694 270 3756 de
293 3694 491 3777 temporibus
515 3696 610 3756 etiam
634 3695 741 3758 minus
767 3715 863 3776 quam
887 3693 926 3756 de
950 3692 1121 3756 consulatu
1144 3694 1293 3776 cognosci

230 3807 343 3886 potest.
401 3803 465 3867 Hic
505 3823 633 3887 quoque
667 3803 790 3867 Urania
823 3805 954 3866 inducta
994 3822 1064 3866 esse
1101 3803 1227 3866 videtur
1261 3807 1294 3866 et

230 3912 251 3974 J
253 3915 381 3996 uppiter
397 3914 571 3977 orationem
587 3913 710 3995 habuit,
734 3914 761 3978 si
778 3914 906 3997 quidem
928 3917 1013 3976 recte
1029 3912 1068 3975 ad
1088 3912 1148 3974 hoc
1163 3929 1294 3974 carmen

230 4022 399 4087 referimus
434 4023 473 4086 ad
497 4022 531 4098 Q.
559 4024 597 4087 fr.
627 4024 670 4089 Π.
700 4027 727 4087 9.
763 4026 792 4089 1.
829 4023 871 4109 (a.
898 4022 964 4105 55.)
998 4023 1200 4106 ,placiturum
1234 4019 1294 4083 tibi

231 4149 301 4194 esse
323 4131 443 4196 librum
468 4154 575 4198 meum
598 4133 797 4217 suspicabar:
822 4138 887 4197 tam
904 4133 997 4196 valde
1020 4133 1178 4215 placuisse
1195 4149 1293 4214 quam
