2998 4792
705 351 746 414 13

193 527 362 609 usquead
387 547 416 590 r.
441 529 526 609 450,
550 527 690 592 secunda
710 519 859 616 Ἀνατολή
872 530 924 592 vel
937 529 1085 594 similiter
1097 532 1253 614 appellata
1280 559 1294 574 κ

193 656 298 719 usque
322 637 361 699 ad
386 656 416 702 v,
443 637 525 719 731,
547 638 668 719 ultima,
684 639 894 724 Λιοσημεῖαι,
920 658 1023 722 usque
1047 641 1086 702 ad
1102 661 1133 706 r.
1156 642 1251 704 1153.

192 745 405 829 pertinebant.
443 744 622 810 Posteriora
646 751 752 810 autem
768 753 910 830 tempore
934 753 970 812 ut
992 748 1128 811 arbitror
1149 751 1253 832 prima

193 860 224 919 et
247 856 346 919 altera
369 875 452 938 pars,
487 875 569 938 qnae
593 858 693 920 artius
715 857 800 919 inter
824 876 858 920 se
882 857 1058 939 cohaerent,
1081 877 1194 922 rursus
1216 860 1252 921 in

193 985 296 1028 unum
341 966 587 1048 comprehensae
628 972 704 1031 sunt
741 972 866 1029 servato
900 967 1030 1030 nomine
1057 963 1250 1050 Φαινὸμενα,

195 1075 308 1137 ultima
331 1080 436 1138 autem
459 1095 544 1158 pars,
574 1077 667 1140 cuius
690 1080 916 1159 argumentum
941 1095 1015 1138 cum
1041 1076 1166 1140 duabus
1189 1080 1251 1160 pri-

194 1183 304 1247 oribus
316 1187 422 1247 minus
441 1186 651 1248 coniunctum
666 1190 697 1248 et
718 1185 782 1248 levi
798 1189 922 1248 tantum
939 1187 1078 1248 transitu
1089 1205 1251 1249 conexum

193 1298 250 1374 est,
273 1299 394 1358 secreta
417 1299 473 1374 est,
495 1295 541 1357 ita
563 1299 599 1357 ut
623 1296 785 1378 singulare
809 1313 937 1358 carmen
953 1296 1103 1377 imposito
1120 1297 1251 1360 nomine

192 1404 393 1490 Διοσημεῖαι
428 1402 606 1467 haberetur.
665 1402 861 1485 Ciceronem,
895 1409 933 1467 ut
961 1403 1187 1468 Germanicum
1222 1410 1252 1468 et

193 1512 366 1594 Arienum,
383 1513 446 1577 duo
458 1515 541 1576 inter
560 1533 594 1577 se
611 1514 738 1577 diversa
754 1515 896 1576 carmina
912 1514 1110 1577 intellexisse
1123 1523 1253 1598 apparet

192 1641 233 1685 ex
257 1643 303 1705 ep.
329 1623 368 1685 ad
391 1625 458 1686 Att.
482 1622 525 1685 H.
552 1622 579 1685 1.
605 1621 655 1686 11.
679 1623 896 1706 ,Prognostica
919 1642 991 1686 mea
1014 1643 1088 1686 oum
1109 1627 1251 1688 oratiun-

190 1730 272 1794 culis
304 1733 488 1814 propediem
520 1733 691 1816 exspecta‘.
738 1733 863 1796 Nomen
896 1737 1004 1794 autem
1041 1735 1251 1820 Λιοσημεῖαι,

191 1860 266 1904 cum
290 1841 421 1906 arbitrio
434 1844 718 1926 grammaticorum
730 1847 842 1904 natum
856 1842 904 1920 sit,
922 1841 1016 1904 facile
1027 1840 1097 1905 fieri
1109 1845 1251 1926 potuisse

191 1953 270 2013 mihi
293 1935 432 2033 videtur,
456 1957 492 2015 ut
516 1952 578 2014 alio
602 1952 694 2014 titulo
715 1950 784 2014 loco
802 1969 861 2014 suo
877 1955 1068 2014 moveretur.
1104 1951 1248 2016 Primum

190 2062 363 2144 vestigium
397 2063 474 2125 novi
508 2062 647 2124 nominis
681 2059 909 2141 ,Prognostica‘
945 2062 1085 2123 occurrit
1115 2063 1149 2123 in
1185 2063 1252 2125 rita

192 2171 328 2253 quadam
352 2171 446 2234 Arati
469 2169 716 2256 (Westermann,
749 2163 934 2256 Βιὸγραφοι
968 2190 999 2253 p.
1036 2171 1087 2235 56.
1113 2171 1172 2234 sub
1194 2171 1250 2235 fin.

193 2307 229 2336 ε
256 2281 343 2344 Arat
368 2281 417 2344 ed.
440 2281 547 2345 Buhle
570 2301 599 2343 r.
622 2280 663 2343 Π.
687 2301 717 2363 p.
742 2275 844 2364 443.),
876 2278 934 2342 ubi
958 2279 997 2342 de
1020 2279 1124 2344 tribus
1147 2280 1250 2344 Phae-

188 2409 401 2454 nomenorum
423 2391 567 2474 partibus
591 2391 714 2453 dietum
738 2394 798 2454 est:
822 2385 904 2467 ,ἔστι
928 2385 964 2452 δὲ
987 2390 1106 2473 τριχῶς
1133 2395 1249 2454 marvo

160 2532 163 2538 ·
188 2502 292 2580 μένων
327 2493 426 2574 αὐτοῦ
456 2493 682 2588 πραγματεία·
729 2500 983 2583 καταστέρωσις,
1020 2494 1078 2561 καὶ
1113 2518 1249 2562 συνανα-

190 2604 365 2672 τελλόντων
404 2608 461 2674 καὶ
500 2606 711 2690 σανὸαόντων,
751 2605 808 2673 καὶ
846 2602 1136 2691 προγνώσεις
1174 2602 1249 2672 διὰ

192 2711 408 2800 capaciter?

297 2934 520 2999 Phaenomena
555 2937 711 2998 convertit
742 2935 850 3001 Cicero
876 2938 941 2999 iam
977 2935 1246 3013 adulescentulus,

189 3046 224 3104 ut
246 3044 315 3126 ipsc
339 3043 483 3126 affirmat,
507 3044 547 3108 cf.
572 3046 610 3108 de
633 3050 698 3109 nat.
723 3047 808 3110 deor.
831 3045 943 3111 1141.
964 3047 1036 3112 104.
1062 3049 1168 3128 ,atque
1186 3046 1246 3109 hoc

187 3151 256 3213 loco
281 3172 331 3216 me
354 3153 495 3234 intuens,
530 3160 611 3237 utar,
642 3155 757 3237 inquit,
783 3155 980 3219 carminibus
1004 3156 1140 3236 Arateis,
1164 3175 1246 3237 quae

188 3280 206 3323 a
230 3265 261 3324 te
296 3263 467 3328 admodum
503 3265 743 3329 adulescentulo
767 3285 921 3329 conversa
943 3267 987 3328 ita
1011 3283 1061 3328 me
1080 3263 1246 3345 delectant,

189 3375 223 3433 ut
245 3374 347 3437 multa
370 3375 475 3438 exiis
498 3377 653 3438 memoria
674 3374 819 3438 teneam}
854 3375 893 3436 In
917 3374 1132 3436 adulescentia
1149 3373 1245 3436 Phae-

187 3499 325 3546 nomena
360 3485 452 3548 illum
491 3487 657 3570 scripsisse
693 3491 856 3568 praeterea
891 3487 1051 3546 testantur
1085 3481 1171 3545 haud
1201 3483 1246 3543 ita

185 3593 282 3674 pauci
316 3595 485 3660 archaismi
517 3613 576 3658 nec
605 3597 716 3660 minus
744 3597 852 3658 variae
885 3593 1031 3655 dictionis
1059 3593 1245 3675 asperitates

186 3702 465 3786 negligentiaeque
500 3709 531 3768 et
554 3705 690 3769 leviores
713 3707 942 3788 gravioresque
969 3720 1100 3782 errores,
1124 3701 1244 3783 quibus

186 3813 225 3877 de
259 3809 380 3894 rebus,
405 3819 441 3876 ut
474 3815 511 3876 de
546 3816 668 3879 ratione
697 3835 794 3898 quam
822 3815 856 3875 in
884 3810 1103 3875 transferendo
1135 3809 1244 3873 Cicero

186 3932 315 3987 secutus
339 3927 395 4004 est,
418 3923 453 3986 in
476 3923 579 3990 altera.
590 3926 687 3988 huius
701 3920 1000 3988 dissertatiunculae
1013 3924 1100 4002 parte
1113 3925 1244 3982 acturus

185 4051 267 4099 snm.
335 4032 399 4096 Hic
448 4033 606 4096 nonnulla
647 4039 773 4098 tantum
823 4030 970 4113 exempla
1023 4028 1243 4112 indiligentiae

185 4159 396 4226 errorumque
434 4161 623 4206 enumerare
656 4144 736 4205 mihi
770 4141 872 4222 liceat,
911 4158 928 4203 e
971 4137 1091 4222 quibus
1130 4141 1242 4221 quanti
