2998 4792
713 373 731 436 9
836 464 841 474 .

186 551 275 616 nullo
298 550 393 614 modo
416 550 486 613 fieri
501 555 612 632 potest.
660 549 766 614 Etiam
789 549 882 613 illum
904 551 1011 613 locum
1035 567 1076 614 ex
1092 548 1248 612 Varronis
1292 617 1295 624 ,

188 660 458 744 chronographia:

347 768 438 851 ,vidit
460 753 500 832 et
514 769 652 831 aetherio
673 769 832 832 mundum
855 769 1034 852 torquerier
1057 787 1128 850 axe,

347 882 378 941 et
406 877 526 960 septem
554 879 692 942 aeternis
721 879 860 942 sonitum
885 879 960 973 dare
987 878 1121 942 vocibus
1146 877 1248 956 orbes,

348 988 483 1050 nitentes
507 987 579 1050 aliis
602 988 680 1051 alios
706 1035 714 1050 .
737 987 757 1052 .‘

188 1097 239 1158 vir
273 1096 385 1159 doctus
419 1096 528 1160 afferre
564 1115 631 1159 non
666 1095 811 1162 debebat.
868 1096 932 1159 Hic
970 1115 1034 1159 non
1074 1095 1112 1159 de
1147 1097 1248 1160 stellis

188 1207 303 1288 agitur,
331 1206 384 1270 sed
416 1206 455 1268 de
483 1210 603 1289 septem
628 1206 765 1270 aetheris
789 1207 927 1286 circulis,
951 1206 1009 1288 qui
1035 1206 1120 1268 inter
1143 1225 1178 1270 se
1200 1207 1249 1267 ni-

188 1320 311 1397 tuntur,
337 1317 357 1378 i.
382 1333 409 1380 e.
436 1317 521 1380 inter
541 1334 576 1378 se
608 1315 784 1378 cohaerent.
830 1314 882 1377 Ad
905 1319 1088 1377 extremum
1114 1307 1248 1399 ,Ἀστρο-

189 1419 299 1488 decio*
324 1430 355 1488 et
382 1416 549 1512 ,Ἀνατολῆ
574 1426 666 1488 Arati
697 1445 762 1487 non
790 1428 907 1487 cuncta
930 1427 1006 1486 sunt
1030 1442 1111 1505 quae
1139 1422 1248 1486 Cicero

187 1537 350 1617 convertit,
373 1535 430 1598 sed
453 1540 623 1618 praeterea,
650 1539 687 1597 ut
709 1540 821 1597 notum
846 1537 902 1615 est,
933 1535 1003 1596 eius
1027 1513 1247 1620 ,Arosapeico‘

185 1643 298 1708 Latine
321 1644 468 1708 reddidit.

300 1754 428 1818 Heusdi
451 1757 552 1837 igitur
575 1754 669 1816 lectio
692 1754 820 1835 placere
835 1752 969 1814 minime
983 1756 1087 1834 potest
1099 1758 1130 1815 et
1142 1772 1248 1816 rever-

186 1864 320 1927 tendum
333 1864 433 1927 estad
447 1865 646 1943 vetustiores,
670 1862 726 1925 sed
737 1862 946 1943 simpliciores
971 1866 1001 1924 et
1016 1860 1247 1943 probabiliores

188 1975 409 2036 correctiones.
430 1973 505 2035 Jam
528 1971 614 2054 apud
640 1969 818 2034 Corradnm
842 1972 913 2053 (lc.
934 1991 964 2054 p.
977 1971 1051 2034 287.
1069 1997 1105 2025 =
1125 1991 1155 2055 p.
1174 1969 1246 2033 254.

188 2079 278 2158 Ern.)
305 2081 454 2163 legimns,
493 2081 528 2143 id
568 2080 654 2163 quod
690 2079 846 2144 Gruterus
883 2099 1011 2163 quoqne
1042 2084 1073 2144 ot
1100 2079 1247 2144 Nobbius

187 2189 332 2271 probant,
356 2209 447 2272 ,quae
464 2188 572 2254 Cicero
597 2209 643 2253 ex
666 2187 858 2252 Demetrio
891 2194 927 2252 et
953 2191 1086 2266 Arato,
1122 2191 1160 2251 et
1181 2189 1247 2250 Al-

63 2369 66 2376 ,
189 2317 328 2378 cyonas
357 2303 392 2384 ept
416 2299 606 2363 Uxorium
631 2303 668 2363 et
690 2297 841 2362 Nilum:
872 2317 953 2381 quae
978 2298 1204 2382 quidem...
1229 2297 1246 2359 .‘

185 2406 247 2470 Sed
283 2409 322 2471 de
352 2407 514 2474 Demetrio
542 2413 635 2492 poeta
659 2408 798 2492 quodam
821 2426 928 2489 neque
952 2406 1037 2488 apud
1061 2406 1248 2470 Ciceronem
1368 2485 1372 2494 .

185 2535 290 2598 neque
314 2519 392 2583 alias
416 2519 594 2602 quidquam
619 2519 863 2600 comperimus.'
901 2519 1008 2600 Atque
1033 2517 1128 2579 etiam
1152 2516 1247 2579 dictio

185 2626 219 2686 in
242 2626 298 2688 illa
320 2628 454 2691 lectione
479 2628 712 2711 quodammodo
736 2628 817 2691 dura
841 2632 872 2690 et
895 2646 1006 2709 aspera
1030 2631 1088 2692 est.

296 2732 503 2801 Oasanhonus
537 2741 702 2820 proposuit
735 2757 828 2821 ,quae
851 2735 960 2800 Cicero
1002 2736 1140 2818 edidit,
1171 2735 1248 2800 Ma-

188 2841 287 2904 rium
323 2847 358 2905 et
381 2845 542 2908 Aratum
567 2853 603 2910 et
626 2848 818 2926 Alcyonas
847 2851 886 2910 et
910 2846 1103 2910 Uxorium
1126 2851 1166 2909 et
1188 2844 1248 2907 Li-

188 2950 317 3014 mone}
386 2951 438 3015 Ex
473 2953 637 3018 decurtato
673 2955 780 3034 ,edidit
813 2955 961 3018 Marinm‘
991 2954 1070 3040 (fere
1094 2957 1156 3019 sic:
1192 2955 1247 3037 ‚ed

186 3059 324 3148 Mariu‘)
357 3061 449 3127 facile
472 3065 561 3126 nasci
597 3066 700 3146 potuit
731 3069 770 3146 ,et
796 3065 833 3128 de
862 3064 980 3145 Mario,‘
1003 3065 1055 3127 rel
1079 3065 1247 3146 ‚demeriot

186 3170 232 3232 At
258 3170 389 3251 ‚Nilum
428 3193 494 3237 non
528 3175 598 3236 iure
627 3171 835 3239 Oasanbonus
865 3177 900 3237 in
925 3172 1077 3257 JLimona³
1103 3175 1248 3254 mutavit,
1339 3251 1341 3255 Ι

186 3281 247 3342 etsi
273 3282 401 3345 nullum
442 3283 531 3347 alind
561 3285 780 3347 testimonium
803 3285 892 3348 illius
916 3286 1067 3349 carminis
1092 3286 1247 3349 occurrit:

186 3389 304 3472 quippe
332 3394 425 3456 etiarn
455 3395 551 3457 Ponti
575 3392 688 3457 Glauci
718 3399 749 3458 et
776 3396 896 3478 elegiae
919 3395 1007 3457 illius
1031 3413 1098 3456 uno
1122 3398 1247 3456 tantum

185 3497 264 3580 loco,
302 3505 338 3564 ut
366 3503 496 3584 scimus⁷
535 3505 655 3566 mentio
693 3503 738 3585 fit,
770 3506 848 3568 item
887 3505 1038 3567 carminis
1075 3503 1246 3586 ,Uxorius‘.

186 3604 301 3689 Itaque
326 3613 444 3693 optimo
466 3615 538 3676 iure
563 3611 737 3677 Salmasius
762 3615 876 3677 ceteris
894 3612 1081 3677 Oasaubono
1096 3631 1247 3676 assensus

186 3715 319 3783 ’Nilum‘
336 3721 370 3781 in
387 3725 511 3785 textum
536 3723 684 3804 restitnit,
709 3744 805 3806 quem
830 3742 940 3786 omnes
964 3724 1157 3784 recentiores
1181 3723 1248 3786 edi-

185 3832 270 3890 tores
295 3832 396 3892 secuti
420 3836 505 3912 sunt,
528 3833 572 3894 ita
597 3837 631 3895 ut
654 3833 748 3897 hodie
770 3834 914 3917 legamus
945 3881 961 3913 ,.
988 3879 995 3894 .
1022 3881 1028 3894 .
1054 3836 1170 3894 cuncta
1192 3832 1248 3895 illa

186 3956 268 4018 quae
292 3937 425 4002 Cicero
455 3941 590 4021 edidit,
619 3939 782 4004 Marium
816 3953 852 4005 et
882 3943 1041 4004 Aratum
1073 3944 1108 4002 et
1130 3941 1248 4022 Alcy-

185 4062 276 4110 onas
299 4053 334 4111 et
357 4047 504 4112 Nilum<

294 4155 342 4222 De
366 4157 466 4221 Mario
491 4163 523 4222 et
545 4160 672 4222 Arateis
696 4159 792 4242 paulo
815 4158 899 4221 inira
922 4157 1037 4223 dicam.
