2998 4792
765 363 806 426 22

256 541 455 606 orationibus
479 545 566 605 etin
590 543 756 607 rhetoricis
779 539 1071 625 philosophicisque
1103 541 1194 605 libris
1221 561 1317 606 num-

257 673 351 735 quam
381 661 586 728 memoratur,
620 653 718 715 octies
741 655 847 714 autem
877 653 912 713 in
945 652 1097 734 epistulis.
1144 651 1244 715 Haud
1273 654 1319 715 ita

255 763 366 824 multis
388 761 488 843 igitur
510 761 605 822 annia
628 765 702 824 ante
726 780 752 823 a.
777 761 839 841 52,
861 779 924 843 qno
946 760 1023 823 libri
1046 762 1085 824 de
1109 761 1234 843 legibus
1259 765 1319 825 orti

256 875 340 952 sunt,
363 906 406 915 —
429 888 504 933 nam
528 870 766 951 aliquantulum
789 871 942 951 temporis
964 871 1047 932 inter
1071 870 1134 934 duo
1161 873 1319 955 opuscula

254 982 408 1044 interesse
430 998 581 1063 apparere
605 998 647 1042 611
669 979 770 1042 Attici
793 979 900 1042 verbis
924 979 1028 1060 ,lucus
1057 978 1187 1062 quidem
1210 980 1264 1044 ille
1288 986 1319 1044 et

254 1090 333 1153 haec
356 1089 564 1173 Arpinatium
588 1107 727 1171 quercus
751 1089 936 1171 agnoscitur
960 1106 1071 1171 saepe
1099 1108 1118 1151 a
1141 1108 1192 1153 me
1215 1088 1318 1153 lectus

254 1200 289 1261 in
313 1196 425 1261 Mario‘
451 1196 504 1282 (de
525 1199 607 1281 legg.
631 1198 769 1280 Ι.1.1.)
793 1235 835 1244 -ψ
860 1216 987 1261 carmen
1012 1199 1226 1280 compositum
1249 1217 1318 1262 esse

254 1307 419 1389 Hauptius
442 1307 571 1388 iudicat,
593 1306 728 1370 fortasse
751 1313 838 1370 recte
861 1307 1006 1370 conicere
1031 1305 1207 1370 Corradum
1232 1305 1267 1394 (l.
1293 1329 1317 1372 0.

254 1439 284 1501 p.
309 1416 382 1479 296.
405 1443 441 1470 =
460 1436 491 1499 p.
517 1413 696 1501 anama)
721 1436 845 1479 annum
871 1416 932 1497 56,
954 1421 1124 1500 postquam
1143 1417 1252 1482 Cicero
1277 1437 1317 1482 ex

256 1525 372 1588 exsilio
395 1520 531 1588 Romam
561 1525 702 1590 redierit.
749 1524 907 1588 Corradus
940 1530 1026 1590 enim
1055 1527 1226 1607 existimat,
1258 1528 1319 1591 hoc

256 1654 385 1698 carmen
420 1635 607 1699 Ciceronem
644 1635 833 1719 significare,
868 1655 943 1698 cum
977 1636 1095 1700 scribat
1130 1656 1158 1701 6.
1191 1636 1242 1700 56.
1276 1637 1318 1700 ad

255 1744 551 1829 Att.1V.5.1.sq.
575 1747 638 1827 ,ain
655 1745 712 1808 tn?
737 1764 777 1807 an
801 1763 852 1807 me
877 1747 1043 1809 existimas
1067 1746 1106 1808 ab
1130 1747 1198 1810 ullo
1222 1749 1319 1811 malle

255 1874 326 1919 mea
349 1855 412 1939 legi
434 1853 627 1938 probarique
652 1874 751 1936 quam
775 1855 861 1916 ate?
886 1872 944 1917 cur
958 1856 1059 1939 igitur
1075 1857 1227 1939 cuiquam
1245 1859 1319 1920 misi

254 1965 367 2048 prius?
399 1964 548 2048 Urgebar
570 1963 609 2025 ab
634 1982 680 2044 eo,
712 1963 752 2026 ad
783 1983 880 2047 quem
904 1965 987 2046 misi,
1019 1973 1056 2050 61,
1073 1985 1138 2028 non
1161 1966 1319 2030 habebam

256 2076 430 2158 exemplar.
488 2071 596 2147 Quid?
632 2074 726 2135 etiam
756 2111 800 2120 -
828 2074 951 2137 dudum
987 2077 1074 2139 enim
1109 2077 1318 2156 circumrodo,

257 2184 344 2266 quod
368 2183 588 2247 devorandum
611 2188 658 2245 est
681 2217 723 2225 —
748 2181 972 2265 subturpicula
995 2186 1074 2248 mihi
1097 2187 1226 2249 videtur
1249 2205 1319 2250 esse

207 2289 209 2294 ’
256 2288 540 2379 παλινῳδία...
565 2290 585 2355 ί
633 2289 695 2355 Sed
719 2291 845 2355 etiamsi
868 2313 997 2356 carmen
1028 2298 1062 2355 in
1091 2294 1319 2357 celebrandum

257 2402 395 2467 Marium
413 2403 624 2486 compositum
642 2421 668 2464 a.
687 2402 746 2482 56,
763 2422 826 2485 quo
842 2402 882 2464 ab
900 2401 1105 2484 optimatibus
1122 2403 1160 2464 ad
1175 2401 1318 2464 Caesaris

255 2517 361 2594 partes
377 2514 535 2577 transibat
551 2512 670 2594 Cicero,
694 2506 884 2597 παλινῳδία
908 2511 1143 2594 quodammodo
1166 2510 1319 2593 appellari

256 2625 387 2703 poterat,
415 2626 523 2685 tamen
547 2623 605 2684 vix
627 2626 693 2684 iam
717 2623 821 2704 turpis
844 2615 1034 2705 παλινῳδία
1061 2624 1136 2702 erat,
1161 2625 1198 2684 111
1224 2620 1318 2682 illum

256 2729 391 2812 puderet
407 2749 477 2793 cam
493 2731 532 2794 ad
549 2731 691 2794 Atticum
706 2730 992 2794 familiarissimum
1009 2732 1142 2794 mittere.
1170 2731 1320 2813 Apertior

257 2844 289 2903 et
310 2841 439 2923 gravior
462 2845 493 2904 61
516 2841 555 2904 ad
580 2840 747 2904 Caesarem
770 2842 877 2924 ipsum
906 2842 1007 2904 relata
1033 2842 1192 2905 revocatio
1220 2840 1319 2902 fuisse

256 2950 385 3012 videtur
407 2948 458 3034 (of.
481 2950 556 3014 ibid.
586 2951 690 3032 ,dices
726 2969 763 3012 ea
790 2956 822 3013 te
846 2952 1020 3032 monuisse,
1054 2951 1202 3031 suasisse,
1238 2967 1319 3030 quae

256 3058 401 3132 iacerem,
424 3078 491 3122 non
508 3062 603 3123 etiam
627 3066 663 3124 ut
687 3057 857 3122 scriberem
877 3079 903 3123 e.
923 3080 950 3142 q.
968 3059 1004 3124 6.ε
1030 3059 1105 3122 ibid.
1130 3059 1194 3140 ,sed
1210 3064 1319 3121 tamen

256 3166 375 3230 modici
406 3167 528 3232 fuimus
552 3162 723 3249 ὑποθέσει,
752 3173 788 3230 111
822 3170 943 3251 scripsi.
989 3168 1121 3230 Erimus
1145 3165 1319 3244 uberiores,

256 3277 284 3340 si
308 3281 340 3339 et
360 3273 415 3339 ille
437 3275 575 3339 libenter
598 3273 767 3361 accipiet‘).

363 3384 477 3468 Neque
501 3385 596 3448 etiam
618 3386 692 3448 illae
716 3404 839 3465 causae,
864 3383 982 3466 quibus
996 3383 1158 3467 Hauptius
1182 3404 1321 3448 commo-

256 3501 309 3560 tus
348 3495 487 3558 Marium
516 3496 556 3558 ad
583 3495 791 3578 posteriorem
820 3493 982 3556 Ciceronis
1016 3498 1151 3556 aetatem
1185 3501 1322 3575 revocat,

258 3608 388 3669 omnino
413 3604 543 3669 stabiles
573 3621 643 3666 esse
671 3602 748 3664 mihi
771 3602 930 3665 videntur.
988 3602 1070 3666 Nam
1095 3606 1221 3668 etiamsi
1255 3624 1320 3667 non

258 3716 430 3780 verisimile
473 3718 522 3777 est
560 3713 646 3775 inter
687 3713 796 3794 ipsum
842 3711 925 3774 Mari
971 3732 1105 3777 saevum
1150 3716 1322 3799 imperium

258 3843 387 3888 carmen
427 3825 530 3889 ortum
569 3841 648 3902 esse,
682 3826 791 3884 tamen
824 3841 895 3885 meo
932 3823 1062 3904 quidem
1097 3825 1217 3888 iudicio
1251 3822 1322 3885 fieri

257 3937 368 4017 potuit,
390 3939 427 3999 111
451 3937 535 3998 intra
557 3933 721 4017 proximos
745 3951 846 3995 annos
870 3931 1071 3998 scriberetur.
1111 3934 1211 3997 Mario
1236 3933 1322 3995 enim

258 4049 383 4106 mortuo
407 4049 438 4108 et
461 4047 530 4109 eius
554 4043 728 4107 satellitum
756 4043 927 4106 minimum
963 4048 1115 4126 quattuor
1137 4041 1269 4104 milibus
1305 4061 1323 4102 a

259 4153 398 4217 Sertorio
422 4155 560 4239 concisis
581 4155 665 4216 inter
687 4157 752 4216 tres
782 4153 950 4217 continuos
980 4154 1100 4217 Cinnae
1135 4152 1321 4216 consulatus
