2998 4792
689 349 732 412 49

283 522 372 587 Illud
407 524 442 586 iu
477 523 624 588 Tironem
660 525 855 608 epigramma
888 543 967 587 num
995 542 1029 587 re
1057 543 1135 588 vera
1157 523 1244 589 Cice-

178 635 354 696 ronianum
403 635 445 697 sit
492 633 595 698 adhuc
640 654 749 716 nemo,
795 635 881 717 qnod
928 635 1039 717 sciam,
1077 633 1243 715 dubitavit,

179 744 235 808 sed
265 743 345 806 mihi
376 743 507 825 quidem
531 744 623 807 valde
647 743 860 808 dubitandum
885 762 953 808 esse
976 745 1113 807 videtur.
1159 742 1243 806 Nam

180 851 339 916 eiusmodi
367 852 479 916 sordes
501 857 642 917 maxime
667 841 850 936 discrepant
873 852 912 915 ab
948 851 1098 915 omnibus
1120 855 1244 935 ceteriS,

179 980 264 1044 quae
300 961 339 1024 de
374 959 536 1025 Ciceronis
571 967 688 1026 natura
719 962 931 1046 moribusque
972 962 1103 1043 scimus,
1137 981 1243 1045 neque

178 1068 247 1132 ullo
276 1069 341 1132 alio
369 1069 438 1132 loco
461 1071 643 1136 traduntur.
689 1071 786 1134 Asini
809 1076 917 1136 autem
947 1069 1032 1134 Calli
1059 1071 1242 1134 testimonio

179 1197 246 1242 non
279 1179 377 1242 nimis
409 1180 549 1243 multum
585 1179 826 1245 attribuendum
861 1199 931 1245 esse
967 1185 1056 1264 puto.
1113 1178 1153 1241 In
1188 1179 1243 1242 illo

180 1286 268 1352 enim
290 1286 370 1350 libro
395 1294 509 1352 notum
544 1295 592 1353 est
625 1310 701 1354 eum
734 1291 768 1354 id
801 1311 905 1355 unum
938 1291 1049 1373 egisse,
1086 1292 1121 1351 ut
1154 1289 1243 1352 omni

180 1395 275 1459 modo
307 1401 430 1480 patrem
463 1398 661 1483 nobilitaret,
697 1399 885 1464 Ciceronem
915 1399 1104 1464 detraheret.
1159 1395 1243 1472 Quot

182 1509 287 1568 autem
304 1505 472 1589 opprobria
496 1508 541 1572 ibi
558 1507 703 1573 Ciceroni
727 1509 801 1572 data
825 1511 955 1573 omnino
972 1508 1195 1572 commenticia
1211 1512 1242 1570 et

179 1633 275 1695 quam
314 1617 422 1698 turpia
462 1617 654 1702 sordidaque
691 1618 826 1698 fuerint,
859 1616 936 1680 inde
970 1622 1121 1700 apparet,
1155 1617 1243 1700 quod

177 1721 332 1787 Claudius
348 1725 520 1808 imperator
542 1727 596 1809 (ci.
615 1728 743 1792 Sueten.
761 1724 871 1791 Claud.
898 1721 977 1811 in),
999 1730 1037 1787 ut
1056 1723 1244 1789 Ciceronem

177 1832 362 1897 defenderet
384 1841 609 1919 purgaretque,
633 1835 828 1918 singularem
852 1834 971 1897 librum
988 1835 1126 1917 scripsit,
1149 1838 1243 1898 etex

176 1941 240 2006 illis
265 1942 348 2007 Gelli
371 1943 479 2009 verbis
503 1951 589 2027 patet
612 1944 666 2030 (N.
691 1945 731 2009 A.
755 1943 864 2007 XVII.
894 1944 923 2007 1.
950 1943 1076 2025 1-3.):
1101 1948 1148 2023 ,ut
1171 1945 1242 2027 qui-

177 2049 251 2114 dam
273 2051 407 2117 fuerunt
431 2060 581 2118 monstra·
596 2055 773 2134 hominum,
808 2054 895 2137 quod
929 2052 969 2116 de
1004 2052 1058 2116 dis
1080 2053 1243 2117 immorta-

176 2159 263 2224 libus
292 2162 408 2246 impios
438 2162 598 2247 falsasque
628 2165 796 2248 opiniones
823 2162 1048 2246 prodiderunt,
1084 2163 1130 2225 ita
1162 2181 1243 2226 non-

177 2272 261 2335 nulli
293 2277 358 2336 tam
391 2273 567 2356 prodigiosi
601 2280 733 2357 tamque
767 2271 921 2336 vecordes
957 2273 1168 2351 exstiterunt,
1207 2273 1242 2333 in

177 2381 299 2465 quibus
331 2387 407 2449 sunt
436 2384 548 2449 Gallus
577 2385 713 2448 Asinius
741 2388 773 2446 et
804 2381 941 2464 Largius
973 2379 1113 2462 Licinus,
1145 2381 1240 2444 cuius

175 2489 258 2554 liber
280 2494 376 2555 etiam
391 2493 493 2558 fertur
507 2494 638 2558 infando
662 2493 758 2558 titulo
782 2490 1021 2570 Ciceromastix,
1044 2492 1081 2551 ut
1102 2487 1241 2552 scribere

179 2598 250 2658 ausi
273 2600 346 2678 sint,
368 2600 413 2664 Μ.
437 2601 622 2668 Ciceronem
657 2622 772 2686 parum
794 2601 919 2683 integre
942 2602 1038 2680 atque
1069 2597 1242 2683 improprie

178 2708 276 2787 atque
299 2707 531 2773 inconsiderate
549 2712 705 2774 locutum.
750 2710 860 2792 Atque
884 2708 946 2771 alia
968 2708 1135 2790 quaedam,
1159 2727 1242 2791 quae

177 2814 462 2899 reprehenderunt,
494 2837 601 2902 neque
635 2818 722 2880 dictu
754 2837 860 2901 neque
883 2818 997 2881 auditu
1024 2817 1122 2899 digna
1145 2815 1240 2881 sunt‘

177 2922 269 3000 Quae
292 2943 367 2987 cum
389 2926 435 2988 ita
458 2927 532 3009 sint,
555 2946 613 3011 ego
637 2927 766 3010 quidem
790 2927 926 2991 arbitror
940 2926 1034 2990 facile
1056 2925 1127 2990 fieri
1149 2931 1242 3010 potu-

176 3035 250 3117 isse,
285 3038 323 3097 ut
345 3034 481 3099 Asinius
515 3034 603 3099 illam
634 3035 793 3106 sordidam
820 3039 905 3102 inter
929 3036 1114 3101 Ciceronem
1139 3041 1170 3100 et
1191 3030 1242 3099 'li-

176 3163 289 3207 ronem
333 3145 599 3209 consuetudinem
651 3145 798 3228 illudque
837 3149 1032 3231 epigramma
1074 3149 1242 3211 commini-

176 3258 321 3318 sceretur
345 3255 397 3318 vel
420 3253 460 3318 ab
491 3255 563 3320 aliis
597 3253 709 3318 fictum
733 3261 896 3339 tamqnam
918 3275 1028 3321 verum
1064 3258 1099 3320 in
1122 3256 1242 3320 librum

175 3383 271 3427 suum
295 3365 461 3449 reciperet.
485 3399 529 3412 -

281 3474 323 3536 In
357 3476 541 3560 anthologia
563 3475 680 3540 Latina
713 3474 839 3554 (Burm.
862 3479 938 3540 tom.
967 3474 991 3537 I.
1025 3495 1055 3557 p.
1080 3473 1153 3538 307.
1184 3473 1239 3539 lib.

177 3577 219 3642 ΙΙ.
243 3597 290 3662 ep.
316 3581 401 3664 128.)
435 3591 602 3669 praeterea
636 3585 676 3649 ad
700 3584 887 3650 Ciceronem
921 3584 1058 3649 refertur
1093 3583 1154 3646 hoc
1179 3583 1241 3666 epi·

176 3708 334 3772 gramma:

337 3799 533 3882 ,vigilantem
556 3800 713 3868 habemus
736 3805 899 3868 consulem
925 3802 1108 3882 Caninium,

335 3909 369 3970 in
394 3909 562 3974 consulatu
585 3931 735 3976 somnum
758 3932 824 3976 non
852 3910 930 3973 vidit
953 3909 1032 3973 suc.t

175 4016 264 4083 Haec
295 4016 396 4082 verba
431 4024 575 4102 spectant
609 4021 650 4084 ad
673 4021 705 4086 C.
729 4022 902 4085 Caninium
926 4019 1085 4101 Rebilum,
1120 4019 1178 4101 qui
1203 4018 1238 4096 Q.

174 4125 273 4192 Fabio
289 4127 442 4212 Maximo,
466 4130 598 4195 consule
623 4132 702 4195 anni
724 4132 787 4214 44,
808 4129 911 4214 pridie
934 4129 996 4193 kal.
1019 4128 1093 4194 Jan.
1109 4133 1238 4194 mortuo

1022 4245 1040 4301 4
