2998 4792
757 337 798 399 42

247 515 290 578 ΙΙ.
313 537 345 599 p.
365 515 483 580 4991.
501 513 611 578 Cicero
635 513 811 579 defendens
834 515 874 576 in
896 515 1058 580 invectiva
1081 517 1115 578 in
1131 516 1208 581 Sall.
1234 520 1262 580 2.
1284 521 1311 588 7.

246 625 389 707 fingitur.

353 731 427 797 Non
455 735 714 817 praetermittam,
741 731 774 796 C.
800 729 833 794 F.
859 731 912 797 W.
936 731 1129 798 Muellerum
1158 737 1221 818 (ed.
1247 736 1313 802 Cic.

247 843 284 906 Ρ.
308 842 366 906 lv.
390 863 421 908 v.
449 843 506 908 ΙΙΙ.
535 864 563 926 p.
590 841 678 927 397.)
700 842 787 905 19999
815 841 888 904 11199
912 860 953 904 ex
977 863 1046 927 epp.
1071 845 1111 906 ad
1133 844 1207 909 fam.
1232 845 1257 910 l.
1284 849 1311 909 9.

249 953 305 1036 23;
330 953 370 1016 ad
394 951 430 1027 Q.
454 953 494 1017 ir.
525 951 567 1016 II.
596 953 645 1015 13.
670 954 704 1035 2;
741 951 782 1017 II.
811 952 860 1017 15.
887 952 921 1034 53
949 953 1046 1016 schol.
1072 952 1151 1018 Bob.
1175 956 1210 1018 in
1234 961 1311 1021 orat.

247 1081 304 1144 pro
328 1059 438 1128 Plano.
476 1064 528 1128 30.
558 1064 609 1127 74.
635 1065 715 1126 mire
745 1063 980 1146 quodammodo
1016 1081 1204 1146 componere
1239 1083 1313 1127 curn

247 1172 338 1250 locis,
374 1174 431 1256 qui
467 1172 507 1236 ad
542 1174 810 1236 commentarium
842 1172 1001 1236 Graecum
1035 1172 1194 1238 referendi
1228 1181 1313 1240 sunt.

250 1280 355 1344 Claret
394 1283 660 1344 commentarium
698 1282 791 1345 illurn
828 1281 986 1346 Graecum
1026 1283 1131 1346 soluta
1170 1285 1313 1347 oratione

250 1393 407 1475 scriptum
431 1391 605 1454 nunidem
631 1411 700 1455 esse
723 1411 818 1474 posse
842 1398 939 1476 atque
962 1391 1019 1456 illa
1042 1393 1185 1456 carmina
1201 1392 1313 1457 Latina

250 1501 289 1564 de
314 1500 484 1563 consulatu
508 1506 539 1564 91
563 1501 676 1564 exsilio
701 1504 886 1584 composita.

356 1610 430 1672 Alio
465 1613 607 1674 carmine
639 1613 727 1696 epico
757 1611 900 1676 Caesaris
925 1611 1162 1695 expeditionem
1184 1611 1313 1676 Britan-

198 1695 209 1725 s
249 1721 355 1784 nicam
381 1719 490 1785 Cicero
514 1722 696 1786 illustravit.
742 1722 788 1784 Iis
813 1723 899 1784 enim
924 1742 1006 1805 qrrae
1026 1723 1111 1784 inter
1126 1722 1314 1786 triumviros

251 1831 356 1895 Lucae
381 1853 407 1894 a.
433 1831 484 1894 56.
509 1837 725 1895 convenerant
750 1831 927 1914 divolgatis‚
958 1831 1046 1895 unde
1075 1832 1235 1914 apparuit,
1259 1851 1314 1896 999

250 1961 364 2004 191999
388 1943 490 2003 911199
512 1942 596 2004 19191
631 1962 664 2005 99
698 1943 826 2005 1999199
862 1959 940 2024 esse,
968 1940 1112 2005 Caesaris
1137 1941 1314 2005 adversarii

251 2051 308 2132 qui
331 2050 371 2111 ad
405 2048 487 2111 illud
521 2054 648 2132 tempus
684 2051 813 2116 fuerant
848 2071 965 2134 magna
988 2071 1005 2114 9
1028 2055 1118 2134 parte
1141 2051 1314 2114 studebant

249 2160 284 2221 in
307 2160 441 2241 gratiam
475 2177 548 2220 oum
585 2176 621 2220 eo
645 2159 757 2240 redire,
793 2179 867 2222 cum
901 2161 996 2223 multi
1019 2165 1088 2223 tum
1113 2159 1232 2242 Cicera,
1256 2164 1314 2245 qui

250 2266 346 2328 etiam
368 2267 465 2349 paulo
489 2271 561 2330 ante
585 2286 695 2330 mense
719 2268 822 2349 Aprili
846 2267 886 2328 ad
909 2274 1056 2330 senatum
1080 2271 1254 2350 rettulerat,
1280 2275 1314 2334 ut

250 2394 400 2458 agrorum
426 2375 597 2440 divisiones
623 2397 703 2459 quas
727 2377 781 2439 ille
803 2377 837 2438 in
863 2374 1036 2458 Campania
1058 2377 1241 2439 instituerat
1263 2398 1313 2440 re-

250 2491 469 2550 censerentur.
515 2486 587 2570 lpse
611 2488 643 2549 in
669 2507 718 2569 ep.
743 2484 950 2548 9111111111.
978 2486 1007 2549 5.
1026 2487 1056 2548 3.
1081 2482 1123 2570 (9.
1142 2485 1210 2566 56.)
1226 2485 1313 2548 haud

249 2594 294 2655 ita
318 2595 530 2658 honorificum
554 2615 673 2660 nomen
697 2597 779 2659 asini
802 2594 866 2658 sibi
889 2595 1034 2677 imponit,
1059 2595 1145 2677 quod
1169 2595 1209 2658 ad
1231 2595 1312 2658 illud

250 2706 376 2785 tempus
399 2708 465 2767 tarn
487 2705 669 2769 inconsulte
694 2710 725 2768 et
747 2705 915 2768 temerarie
932 2725 966 2768 99
981 2706 1126 2788 gesserit.
1165 2704 1313 2768 Primum

250 2815 468 2878 testimonium
507 2834 541 2879 se
581 2813 725 2880 Caesaris
764 2821 871 2899 partes
915 2816 1009 2897 sequi
1048 2814 1175 2897 publice
1215 2815 1314 2878 edidit

251 2925 393 2988 oratione
417 2924 465 3006 ,de
488 2927 663 3008 provinciis
686 2924 920 2989 consularibus*
953 2943 1063 2988 mense
1087 2923 1172 2986 Maio
1195 2923 1312 3001 habita,

252 3053 316 3114 qua
350 3035 455 3116 legem
488 3036 577 3098 illam
612 3035 805 3099 Treboniam
840 3039 876 3098 91
911 3033 1038 3098 Caesari
1072 3034 1242 3116 imperium
1278 3035 1315 3095 in

251 3140 355 3204 Gallia
377 3144 411 3204 in
437 3147 582 3228 quinque
606 3165 721 3232 annos¹
737 3149 963 3228 prorogaretur
986 3145 1120 3209 adiuvit.
1166 3142 1314 3206 Fortasse

251 3250 335 3312 hanc
359 3253 544 3329 orationem,
574 3259 611 3316 ut
636 3250 866 3318 Mommsenius
903 3251 991 3337 (hist.
1014 3252 1105 3316 Rom.
1129 3250 1173 3315 5v.
1196 3251 1255 3315 III.
1279 3273 1311 3335 p.

253 3361 326 3424 309.
352 3359 441 3445 adn.)
467 3361 545 3442 vult,
582 3361 691 3425 Cicero
725 3366 760 3426 in
798 3365 904 3425 animo
933 3362 1027 3425 habet
1050 3364 1083 3424 in
1108 3381 1156 3444 ep.
1182 3362 1219 3424 ad
1244 3365 1314 3427 Att.

251 3469 309 3534 IV.
327 3471 357 3532 5.
383 3469 410 3532 1.
435 3469 475 3554 (a.
494 3471 570 3552 56),
594 3491 691 3554 quem
714 3473 821 3534 locum
845 3472 910 3532 iam
934 3491 1030 3553 supra
1054 3469 1095 3554 (p.
1120 3471 1187 3552 22.)
1211 3473 1313 3537 attuli.

251 3579 325 3643 Non
349 3584 456 3644 autem
481 3580 656 3662 probabilis
682 3599 751 3643 esse
784 3580 862 3641 mihi
891 3581 1020 3644 videtur
1048 3583 1204 3644 sententia
1228 3581 1314 3644 Tun-

252 3691 345 3772 stalli,
370 3691 426 3774 qni
443 3697 502 3773 (ep.
518 3688 606 3775 102.)
623 3694 723 3772 putat,
747 3688 903 3752 vocabulo
928 3685 1118 3776 παλινῳδία
1142 3691 1315 3774 significari

253 3820 381 3865 carmen
404 3800 444 3863 ad
469 3799 638 3863 Caesarem
662 3800 808 3862 missum.
856 3799 923 3861 Vix
955 3802 1041 3864 enim
1074 3801 1224 3865 credibile
1258 3809 1316 3883 est,

253 3910 438 3975 Ciceronem
463 3929 540 3987 rem,
558 3927 640 3992 quae
662 3910 733 3991 ipsi,
758 3914 795 3972 91
816 3910 871 3972 1119
886 3910 977 3973 19999
1000 3911 1034 3972 19
1059 3910 1197 3993 epistula
1220 3913 1316 3974 testa·

251 4025 314 4104 tur,
338 4021 563 4084 molestissima
587 4024 618 4084 et
640 4019 832 4102 gravissima
855 4025 930 4102 erat,
955 4021 1131 4103 explicasse
1156 4017 1314 4082 versibus.

251 4127 423 4193 “···“19199
455 4150 496 4194 ex
528 4148 574 4212 ep.
607 4129 646 4192 ad
679 4127 714 4204 Q.
747 4129 784 4192 fr.
821 4129 862 4192 Il.
897 4130 946 4192 15.
979 4131 1006 4192 2.
1039 4127 1079 4212 (9.
1114 4127 1180 4210 54.)
1212 4127 1316 4190 999191
