2998 4792
138 547 218 588 Versus

129 600 223 642 incertae

146 654 211 695 sedis.

777 352 820 413 54

357 548 359 551 ’
375 528 427 591 Ad
452 531 635 591 extromum
657 547 780 611 paucos
795 547 910 592 versus
931 546 1119 592 enumcrare
1135 531 1214 594 mihi
1229 532 1334 616 liceat,

268 638 324 722 qui
348 637 402 701 cui
427 636 590 700 Ciceronis
625 639 762 701 carmini
797 637 967 702 addicendi
998 638 1064 700 sint
1097 659 1169 704 mea
1202 643 1334 724 quidem

265 748 425 810 sententia
447 747 543 810 statui
566 765 632 809 non
655 752 765 831 potest.

372 854 496 919 Versus
519 856 574 919 ille

397 983 426 1044 ‚o
450 965 654 1046 fortunatam,
681 969 789 1028 natam
812 984 864 1029 me
887 966 1019 1030 consule
1042 964 1190 1031 Romam‘

265 1081 376 1136 utrum
399 1074 434 1135 in
459 1075 600 1137 carmine
625 1073 673 1155 ,de
697 1074 867 1138 consulatu
888 1059 973 1138 meo‘
996 1095 1038 1138 an
1062 1075 1111 1158 ,de
1130 1079 1330 1161 temporibus

264 1180 355 1244 meis*
380 1183 562 1264 occurrerit,
587 1182 757 1246 diiudicari
772 1203 838 1246 non
854 1203 957 1268 posse,
980 1185 1046 1248 iam
1070 1205 1169 1268 supra
1193 1185 1235 1273 (p.
1260 1189 1330 1272 41.)

264 1291 386 1354 dictum
410 1295 465 1354 est.
489 1327 530 1336 -

370 1399 510 1464 Versum
535 1400 714 1482 quendam*

352 1529 437 1590 ‚nam
454 1510 546 1592 quasi
569 1527 627 1573 vos
652 1509 713 1573 sibi
738 1509 886 1574 dedecori
904 1531 1046 1595 genuere
1067 1513 1235 1596 parentes,‘

264 1638 362 1701 quem
386 1618 549 1684 Ciceronis
578 1638 648 1684 esso
676 1619 799 1684 Probus
835 1621 874 1684 de
897 1622 1000 1688 ultim.
1026 1622 1096 1704 syll.
1119 1641 1147 1704 p.
1172 1621 1244 1685 248.
1269 1622 1320 1684 13.

261 1727 302 1794 K.
325 1733 468 1810 testatur,
492 1729 642 1794 Baiterus
675 1733 700 1794 dc
730 1729 899 1814 Kayserus
934 1733 966 1813 (l.
992 1752 1016 1797 o.
1040 1753 1069 1817 p.
1094 1729 1180 1811 135.)
1205 1749 1321 1814 eosque

262 1841 365 1902 secuti
389 1838 422 1904 C.
446 1839 480 1902 F.
507 1839 557 1904 W.
582 1839 758 1904 Muellerus
782 1838 815 1926 (l.
840 1860 865 1903 c.
889 1862 918 1924 p.
945 1840 1036 1926 402.)
1061 1847 1092 1906 ot
1111 1839 1322 1904 Baehrensius

164 1951 167 1955 '
262 1948 311 2032 (fr.
336 1953 417 2033 poet.
441 1948 533 2012 Rom.
557 1970 588 2032 p.
615 1950 698 2032 303.)
734 1952 768 2013 in
804 1952 946 2014 carmine
974 1951 1024 2028 ,dc
1048 1951 1220 2014 consulatu
1241 1948 1322 2012 meo‘

261 2059 419 2141 scriptum
442 2056 543 2120 luisse
566 2063 691 2140 putant.
739 2059 802 2122 Sed
827 2079 1025 2146 quamquam
1059 2060 1092 2122 id
1119 2060 1190 2124 fieri
1212 2061 1328 2142 potuit,

261 2170 369 2228 tamen
404 2169 592 2247 argumento
627 2165 749 2228 firmari
783 2187 849 2229 non
884 2173 997 2251 potest.
1044 2169 1085 2232 In
1109 2171 1171 2233 alio
1197 2187 1326 2252 quoque

262 2275 401 2339 carmine
424 2275 479 2338 illa
503 2275 601 2340 verba
627 2275 731 2339 dicere
754 2274 886 2338 licuisse
910 2275 1054 2338 Ciceroni
1087 2277 1328 2341 concedendum

261 2391 319 2452 est.
343 2423 386 2436 -

366 2495 506 2560 Versum

350 2603 483 2686 ,Oppius
508 2605 646 2684 advenit,
668 2621 774 2666 eomes
798 2607 846 2665 est
869 2621 1000 2688 quoque
1023 2601 1145 2665 Tettius
1168 2600 1234 2683 illi,‘

262 2714 317 2796 qui
341 2732 360 2776 a
383 2712 506 2776 Terent.
530 2712 645 2775 Mauro
672 2711 767 2774 1246.
795 2713 936 2777 auctoris
965 2717 995 2776 et
1019 2713 1171 2776 carminis
1194 2713 1325 2778 nomine

261 2843 326 2887 non
350 2824 452 2908 posito
477 2823 616 2904 affertur,
641 2841 704 2905 quo
727 2823 799 2886 iura
822 2822 1040 2887 Baehrensius
1065 2822 1115 2906 (fr.
1138 2827 1220 2904 poet.
1234 2820 1324 2885 Rom.

260 2955 291 3017 p.
317 2935 403 3014 303.)
430 2935 516 2997 inter
550 2921 730 3016 fragmenta
765 2933 917 2997 carmin-is
952 2932 1000 3015 ,de
1036 2931 1207 2996 consulatu
1242 2929 1323 2994 meo‘

261 3049 435 3124 enumeret,
459 3043 594 3126 intelligi
619 3061 684 3106 non
706 3047 821 3125 potest.
844 3079 888 3089 -

366 3151 540 3215 Praeterea
574 3152 636 3214 viri
672 3152 755 3216 docti
789 3153 874 3216 inter
909 3171 942 3215 se
967 3151 1146 3232 discedunt,
1180 3152 1233 3213 oni
1258 3169 1324 3213 car-

260 3263 341 3324 mini
364 3262 405 3325 sit
428 3261 653 3325 attribuendus
677 3281 801 3344 versus,
825 3263 881 3345 qui
903 3263 1071 3326 invenitur
1098 3259 1183 3343 apud
1200 3258 1322 3324 Cicero·

260 3391 335 3436 nem
358 3373 393 3435 in
417 3391 465 3456 cp.
489 3371 529 3434 ad
552 3372 619 3440 Att.
643 3371 687 3436 Π.
714 3373 764 3437 15.
790 3373 835 3434 3.;

385 3465 432 3564 ',in
455 3487 580 3545 montes
603 3483 723 3564 patrios
744 3484 776 3544 at
799 3479 838 3542 ad
861 3478 1060 3542 incunabula
1081 3484 1190 3543 nostra

389 3589 542 3674 pergam.t

260 3698 456 3782 dunstanus,
479 3699 629 3763 Baiterus
653 3701 678 3762 do
701 3697 867 3778 Kayserus
892 3694 924 3784 (l.
952 3717 978 3762 c.
1002 3720 1033 3782 p.
1060 3699 1154 3780 130),
1179 3697 1211 3761 C.
1224 3698 1256 3761 F.
1270 3697 1321 3762 W.

260 3807 437 3873 Muellerus
490 3808 523 3896 (l.
558 3830 583 3872 o.
620 3829 650 3893 p.
688 3807 772 3887 396.)
822 3808 901 3870 haec
957 3808 1054 3872 verba
1108 3809 1148 3872 ad
1194 3825 1323 3871 carmen

260 3917 413 4001 ,Marius³,
447 3917 587 3983 Orellius
624 3919 655 3999 (l.
699 3937 726 3983 c.
761 3937 790 4001 p.
827 3914 936 3999 1051.)
970 3923 1000 3983 et
1032 3917 1250 3982 Baehrensius
1286 3914 1322 3996 (l.

261 4047 287 4090 o.
322 4047 352 4111 p.
385 4027 472 4110 303.)
502 4028 540 4090 ad
575 4047 702 4092 carmen
733 4026 780 4110 ‚de
809 4027 992 4091 consulatu‘
1028 4027 1180 4091 referunt.
1215 4022 1321 4087 Heus-

263 4135 336 4198 dius
369 4141 475 4200 autem
511 4139 541 4217 (l.
580 4157 606 4200 c.
640 4157 669 4220 p.
709 4139 759 4200 52.
783 4138 848 4219 sq.)
877 4139 993 4221 scripta
1021 4138 1076 4200 illa
1106 4134 1205 4217 fuisse
1233 4137 1323 4218 putat
