2998 4792
777 371 818 432 52

261 559 363 623 quam
386 541 484 606 huius
518 543 565 605 rei
589 541 744 606 disertum
778 546 1000 615 testimonium
1027 573 1189 638 nusquam
1217 577 1330 622 occur-

264 651 315 715 rit.
362 649 468 714 Verba
491 651 546 714 illa
570 651 609 714 de
633 651 695 718 dir.
718 651 762 716 II.
787 654 837 716 30.
863 655 915 720 63.
950 662 1006 738 ,010
1029 664 1115 746 apud
1139 663 1327 750 Homerum,

264 764 302 822 ut
325 778 383 822 nos
406 759 499 822 otiosi
523 763 741 825 convertimus
766 809 775 828 .
800 811 808 827 .
833 762 853 827 .‘
877 766 995 832 defin.
1021 770 1060 834 V.
1087 773 1138 840 18.
1162 775 1214 837 49.
1242 795 1328 854 ,nam

262 869 344 931 verti
367 868 525 951 quaedam
548 868 691 952 Homeri,
719 873 765 935 sic
787 920 797 936 .
823 922 829 936 .
854 925 861 938 .
887 873 904 938 .‘
934 880 1109 946 ostendunt
1136 882 1170 945 id
1193 888 1329 976 tantum,

261 977 332 1040 illos
356 977 443 1042 locos
467 997 539 1041 eum
575 976 740 1061 aliquanto
764 988 935 1067 antequam
965 986 1039 1051 illos
1062 991 1163 1055 libros
1186 995 1327 1058 conscri-

260 1084 359 1168 beret,
383 1106 448 1149 non
472 1093 579 1151 autem
606 1088 885 1158 adulescentulum
909 1098 1111 1164 convertisse.
1159 1102 1234 1164 Atia
1257 1107 1329 1186 post

260 1196 400 1259 reditum
457 1215 498 1259 ex
553 1197 687 1260 Graecia
737 1200 877 1285 Asiaque
926 1206 961 1268 in
1011 1211 1219 1274 vernaculam
1266 1212 1327 1273 lin·

260 1325 358 1388 guam
382 1307 554 1385 transiecit,
578 1308 681 1370 utilia
705 1327 747 1371 ex
762 1311 917 1394 Aeschyli
932 1313 1122 1379 Prometheo
1140 1319 1245 1382 soluto
1271 1318 1325 1406 (cf.

261 1435 359 1498 supra
381 1435 409 1497 p.
435 1415 511 1498 51.).
557 1417 664 1500 Atque
692 1419 787 1482 etiam
811 1424 948 1505 saepius,
976 1425 1132 1506 imprimis
1160 1425 1326 1493 breviores

259 1525 345 1587 locos
381 1543 417 1588 eo
452 1526 521 1608 ipso
556 1531 707 1610 tempore,
743 1547 818 1592 cum
853 1530 973 1595 librum
1007 1552 1070 1615 quo
1105 1535 1326 1616 reciperentur

260 1634 394 1716 scripsit,
429 1632 541 1698 Latine
566 1639 733 1718 expressit,
767 1643 803 1701 ut
826 1640 894 1723 ipse
917 1646 1059 1724 testatur,
1083 1642 1119 1706 oi.
1144 1639 1235 1703 Tusa.
1259 1641 1319 1705 ΠΙ.

262 1741 311 1804 14.
336 1744 387 1805 29.
419 1744 502 1825 ,11001
534 1747 629 1827 enim,
665 1751 702 1810 ut
730 1766 823 1830 saepe
850 1750 996 1834 facimus,
1029 1753 1064 1816 in
1085 1750 1235 1814 Latinum
1268 1749 1323 1812 illa

257 1851 471 1932 convertere3‘
508 1852 623 1915 defin.
647 1853 689 1919 ΙΙ.
716 1855 768 1920 32,
795 1857 866 1922 105.
902 1862 1114 1942 ,concludam,
1148 1860 1176 1924 si
1206 1863 1324 1943 potero,

259 1959 398 2046 Latine3‘
435 1962 473 2026 de
509 1962 557 2026 off.
582 1963 641 2026 ΠΙ.
670 1966 721 2030 21.
748 1966 798 2030 82.
823 1988 945 2051 ,versus
970 1971 1009 2034 de
1033 1970 1218 2035 Phoenissis
1244 2019 1250 2032 .
1277 2016 1284 2032 .
1308 2015 1326 2049 .,

260 2091 341 2154 quos
364 2072 477 2153 dicam,
501 2076 538 2134 ut
559 2077 678 2155 potero,
712 2077 875 2141 incondite
898 2078 1058 2164 fortasse,¹
1077 2081 1133 2146 sed
1156 2085 1264 2143 tamen
1290 2081 1326 2140 ut

258 2199 309 2244 res
344 2183 444 2264 possit
476 2181 643 2264 intelligi.
669 2182 719 2248 ..‘
767 2184 916 2249 Ceterum
941 2194 1107 2271 tamquam
1139 2191 1243 2273 legem
1271 2185 1326 2249 Ci-

259 2309 331 2354 cero
347 2291 410 2353 sibi
425 2292 666 2374 praescripsisse
682 2291 819 2375 videtur,
836 2299 871 2356 ut
887 2314 997 2357 omnes
1014 2297 1210 2360 Graecorum
1228 2297 1325 2374 locos,

259 2420 341 2483 quos
380 2401 415 2463 in
448 2399 676 2485 philosophicis
711 2403 837 2486 scriptis
873 2400 1030 2464 allaturus
1066 2409 1169 2482 esset,
1208 2401 1323 2466 Latine

258 2511 413 2591 redderet,
447 2511 564 2593 quippe
599 2531 674 2575 cum
708 2513 819 2575 nullus
842 2529 955 2573 versus
980 2507 1101 2571 Graeca
1134 2509 1249 2592 lingua
1272 2512 1323 2573 in-

259 2620 371 2683 clusus
393 2617 437 2681 ibi
470 2626 627 2686 occurrat.
673 2620 712 2683 Ι1
740 2619 886 2702 epistulis
915 2622 1022 2681 autem
1052 2637 1177 2702 semper
1200 2621 1322 2684 maiore

257 2728 402 2793 libertate
425 2748 504 2792 usus
530 2729 683 2794 Graecam
707 2731 852 2812 linguam
875 2729 1001 2794 retinet.

365 2837 507 2921 Saepius,
531 2845 657 2903 uteret
681 2839 836 2923 singulari
861 2840 1025 2921 memoria,
1046 2840 1081 2901 in
1105 2841 1322 2904 convertendo

260 2948 416 3012 Graecum
441 2950 606 3032 exemplar
629 2969 696 3012 non
720 2949 875 3030 adhibuit,
898 2949 954 3012 sed
978 2968 1019 3011 ex
1036 2950 1189 3012 1101110110
1205 2969 1320 3014 versus

257 3059 431 3138 transtulit,
455 3057 493 3124 cf.
518 3058 556 3121 de
581 3059 643 3122 div.
669 3059 710 3123 Π.
738 3060 789 3123 39.
816 3059 867 3122 82.
916 3056 1117 3139 ,Homericus
1131 3054 1220 3121 Aiax
1237 3058 1321 3141 apud

257 3166 415 3229 Achillem
441 3185 580 3248 querens
604 3168 643 3230 de
666 3168 829 3232 ferocitate
852 3167 1050 3231 Troianorum
1073 3169 1203 3231 nescio
1229 3169 1321 3252 quid

257 3276 316 3338 hoc
350 3276 444 3339 modo
479 3277 633 3356 nuntiat,t
670 3277 761 3341 Tusc.
796 3277 857 3342 ΙΙΙ,
886 3278 913 3340 9.
939 3277 991 3340 18.
1026 3277 1120 3359 ,apud
1142 3276 1318 3342 Homerum

257 3386 399 3450 Achilles
434 3386 580 3469 queritur
614 3387 683 3467 hoc,
718 3393 759 3452 ut
793 3390 944 3471 opinor,
976 3385 1091 3448 moda*
1152 3385 1316 3451 Interdum

259 3499 366 3558 autem
390 3493 576 3558 Ciceronem
601 3498 755 3560 memoria
780 3497 933 3559 destituit.
968 3494 1075 3557 Talem
1098 3514 1238 3560 errorem
1255 3497 1319 3560 iam

258 3610 413 3669 memorat
447 3603 570 3668 Gellius
605 3604 656 3691 (N.
685 3609 725 3668 A.
752 3604 827 3670 XV.
858 3605 911 3687 6.),
946 3605 1041 3668 cuius
1075 3607 1258 3669 testimonio
1284 3607 1320 3667 in

257 3714 340 3778 libro
364 3715 403 3778 de
426 3714 527 3797 gloria
549 3713 592 3776 II.
616 3733 653 3778 eo
677 3715 756 3796 ioco,
790 3713 847 3777 ubi
880 3712 917 3776 Il.
945 3711 1022 3776 XII.
1052 3715 1192 3777 89-91.
1216 3720 1321 3778 trans-

257 3825 381 3905 tulerat,
404 3823 564 3908 praefatus
587 3829 655 3888 erat
677 3824 769 3889 haec:
805 3824 900 3906 ,apud
924 3823 1061 3887 eundem
1085 3829 1210 3907 poetam
1233 3825 1321 3885 Aiax

258 3954 334 3998 cum
368 3933 506 3998 Hectore
546 3934 758 4017 congrediens
798 3934 1004 4018 depugnandi
1044 3952 1142 3997 causa
1176 3933 1248 4012 agit,
1284 3936 1321 3994 ut

258 4045 441 4126 sepeliatur,
470 4046 497 4108 si
521 4046 563 4108 sit
597 4046 678 4109 forte
701 4046 817 4126 victus,
850 4043 1065 4125 declaratque,
1100 4061 1134 4105 00
1168 4039 1259 4121 velle,
1283 4045 1321 4104 ut

258 4171 354 4216 suum
377 4155 539 4219 tumulum
563 4157 675 4220 multis
699 4156 793 4220 etiam
824 4158 895 4237 post
919 4151 1056 4216 saeculis
1080 4154 1321 4232 praetereuntes

200 4364 921 4788 fin
