2998 4792
795 321 817 382 4

275 502 378 586 poetis
412 499 566 566 Romanis
600 498 768 563 excultum
802 500 858 559 est.
904 497 1082 560 Posteriore
1106 500 1214 560 autem
1237 501 1338 560 aetate

276 630 374 680 sensu
396 609 521 691 pulchri
546 609 740 691 venustique
763 607 864 688 magis
892 605 1017 669 erudito
1042 603 1081 668 ab
1105 605 1338 670 Alexandrinis

277 737 310 782 se
352 718 547 782 convertisse
583 719 709 782 videtur
741 717 780 780 ad
815 715 1013 798 antiquiores
1046 720 1156 806 poetas
1190 713 1337 793 (irascor,

276 829 434 911 imprimis
457 828 497 890 ad
512 827 688 891 Homerum
712 826 913 908 tragicosque
935 823 1008 886 illos
1031 827 1111 888 tres:
1137 843 1179 888 ex
1194 823 1338 887 Alexan·

278 937 379 1000 drinis
403 938 489 1000 enim
512 937 614 1017 poetis
646 935 712 999 fere
748 953 927 1017 numquam
949 936 1022 1015 post
1051 933 1087 996 in
1122 934 1245 1016 scriptis
1269 933 1339 995 suis

278 1047 364 1110 locos
388 1045 478 1110 affert
501 1050 532 1108 et
554 1065 627 1108 raro
650 1050 777 1108 tantum
800 1061 907 1126 neque
931 1041 1085 1106 benevole
1120 1041 1159 1104 de
1186 1043 1226 1106 iis
1251 1041 1338 1105 dicit.
1455 1053 1456 1088 l

279 1153 367 1229 Quae
391 1173 441 1217 res
464 1156 533 1236 ipsa
557 1172 685 1234 quoque
721 1173 818 1216 causa
852 1156 908 1233 est,
940 1171 997 1217 cur
1029 1151 1085 1214 illa
1119 1157 1265 1233 poemata
1296 1151 1337 1214 ad

278 1264 516 1328 Alexandrinos
557 1262 737 1326 revocanda
778 1261 1012 1326 adulescentiae
1052 1258 1213 1324 Ciceronis
1252 1261 1335 1324 assi-

277 1391 424 1456 gnemus

210 1558 241 1587 us·
388 1481 478 1544 Inter
507 1481 609 1563 prima
635 1481 780 1563 pericula
806 1482 932 1563 poetica
959 1482 1054 1544 etiam
1082 1497 1220 1561 apuero
1255 1478 1339 1540 facta

279 1590 515 1655 numerandum
544 1593 592 1654 est
623 1591 823 1672 poematium
846 1590 1005 1672 quoddam
1039 1589 1208 1652 trochaicis
1242 1592 1339 1650 tetra·

281 1701 390 1764 metris
418 1701 592 1777 conditum,
616 1699 702 1782 quod
724 1701 914 1782 inscriptum
938 1703 1005 1762 erat
1027 1698 1162 1762 Pontius
1187 1697 1337 1761 Glaucus.

279 1810 508 1894 Fragmentum
533 1807 660 1873 nullum
699 1814 812 1891 exstat,
840 1810 1058 1873 testimonium
1085 1827 1189 1871 unum
1212 1811 1337 1870 tantum
1455 1877 1456 1880 Ἴ

280 1921 364 2002 apud
399 1919 608 1982 Plutarchum
641 1920 675 1980 in
710 1921 776 1983 rita
804 1918 965 1984 Ciceronis
989 1921 1018 1983 2.
1053 1923 1097 1983 2.:
1144 1911 1339 1999 ‚lhvdpravor7
1455 1897 1456 1980 λ

204 2083 206 2088 .
280 2022 394 2112 ὥσπερ
431 2021 447 2090 ὃ
473 2021 617 2090 Πλάτων
651 2017 740 2100 ἀξιοῖ
774 2023 832 2112 τὴν
866 2029 1043 2116 φιλομαθῆ
1065 2025 1122 2094 καὶ
1156 2022 1339 2115 φιλόσοφον

281 2131 387 2224 φύσιν,
413 2125 481 2212 οἷος
504 2126 722 2214 ἀσπάζεσθαι
756 2135 827 2196 πᾶν
860 2130 1003 2221 μάθημα
1037 2135 1095 2202 καὶ
1121 2135 1222 2224 μηδὲν
1245 2133 1340 2219 λόγον

280 2243 363 2331 μηδὲ
386 2239 546 2320 παιδείας
569 2235 743 2326 ἀτιμάζειν
766 2235 861 2325 εἶδος,
884 2239 976 2329 ἑρρόη
999 2267 1074 2320 πως
1092 2239 1340 2326 προθυμότερον

280 2350 340 2420 ἐπὶ
364 2347 555 2442 ποιητικήν·
579 2349 637 2418 καί
660 2377 694 2418 τι
717 2349 774 2416 καὶ
798 2347 1001 2439 ποιημάτιον
1023 2349 1073 2415 ἔτι
1096 2346 1220 2428 παιδὸς
1243 2343 1340 2416 αὐτοῦ

282 2458 493 2543 διασώζεται,
512 2457 654 2540 Πόντιος
672 2463 821 2543 Γλαῦκος,
837 2459 870 2525 ἐν
885 2463 1089 2547 τετραμέτρῳ
1105 2457 1337 2549 πεποιημένον.

281 2566 415 2656 Προϊὼν
439 2569 474 2634 δὲ
497 2573 544 2657 τῷ
567 2569 669 2657 χρόνῳ
703 2568 760 2636 καὶ
795 2566 1032 2656 ποικιλώτερον
1064 2561 1249 2653 ἁπτόμενος
1283 2572 1340 2657 τῆς

283 2783 424 2878 ποιητὴς
456 2778 588 2875 όριστος
622 2781 708 2854 εἶναι
734 2782 929 2872 Ῥωμαίων.
974 2789 1028 2852 Ex
1062 2791 1111 2854 his
1134 2789 1241 2852 verbis
1264 2790 1342 2852 satis

283 2901 403 2964 clarere
441 2899 520 2962 mihi
554 2900 690 2982 videtur,
725 2919 855 2964 carmen
889 2899 973 2962 illud
1007 2900 1101 2962 etiam
1135 2900 1170 2962 in
1204 2899 1343 2981 pueritia

285 3008 470 3072 Ciceronem
486 3012 712 3092 composuisse,
734 3029 794 3074 neo
816 3010 920 3086 vide0,
944 3029 1003 3072 cur
1026 3007 1239 3070 Drumannus
1264 3003 1299 3090 (l.
1316 3026 1344 3068 c.

286 3139 315 3183 v.
339 3118 378 3181 V.
403 3139 430 3200 p.
456 3117 544 3202 220.)
569 3120 608 3182 de
639 3119 805 3182 Plutarchi
831 3119 1005 3182 testimonii
1040 3118 1172 3180 veritato
1207 3114 1341 3180 dubitet.

390 3227 524 3312 Epicum
568 3229 646 3310 quin
687 3232 839 3312 putemus
878 3245 1015 3307 carmen,
1054 3225 1157 3290 obstat
1195 3232 1341 3288 metrum.

284 3339 437 3421 Plerique
474 3338 618 3399 virorum
660 3337 824 3400 doctorum
864 3337 905 3400 ad
943 3337 1133 3400 sententiam
1174 3335 1341 3410 inclinant,

284 3448 438 3528 Aeschyli
460 3445 602 3510 fabulam
629 3445 771 3523 Γλαῦκος
792 3440 934 3522 Πόντιος
958 3444 1143 3509 Ciceronem
1178 3449 1234 3506 aut
1269 3462 1342 3506 oon-

286 3561 418 3623 vertisse
453 3561 510 3620 aut
539 3558 699 3620 imitatum
738 3575 817 3637 esse,
855 3560 891 3618 ut
929 3554 1087 3618 Corradus
1123 3551 1337 3640 (quaesturaz

286 3671 367 3732 duae
390 3671 504 3752 partes,
538 3685 675 3748 quarum
703 3666 802 3728 altera
836 3666 875 3729 de
900 3665 1062 3728 Ciceronis
1096 3665 1162 3726 vita
1190 3667 1221 3727 et
1248 3663 1339 3726 libris

292 3825 499 3843 ..........
508 3774 515 3807 ³
555 3775 679 3839 Bonon.
699 3776 792 3837 1555.
808 3796 838 3858 p.
854 3775 926 3838 287.
946 3803 983 3830 =
1001 3795 1030 3858 p.
1048 3775 1121 3839 254.
1139 3774 1186 3836 ed.
1203 3773 1342 3850 Ernesti

286 3888 385 3951 Andr.
403 3887 564 3952 Schottius
587 3884 779 3970 (pbservatt.
804 3885 973 3948 humanae*
997 3887 1018 3949 l.
1042 3884 1083 3949 ll.
1110 3904 1137 3947 ο.
1158 3882 1210 3946 27.
1233 3900 1263 3962 p.
1290 3881 1340 3942 95.

287 4003 318 4060 et
341 3998 427 4077 ‚nodi
443 3995 651 4060 Ciceroniani³
675 3995 816 4075 lille.
842 3993 892 4058 10.
909 4017 938 4079 p.
964 3995 1036 4058 352.
1082 3991 1206 4055 Honor.
1234 3987 1343 4071 1615.)

288 4105 453 4169 Fabricius
488 4105 557 4192 (,Μ.
586 4106 671 4170 Tulli
696 4103 858 4168 Ciceronis
881 4107 1014 4170 historia
1037 4122 1094 4187 per
1117 4098 1267 4164 consules
1292 4098 1342 4160 de-
