2998 4792
775 353 815 414 10

374 528 531 592 Carminis
561 527 725 610 ,Alyones‘
759 529 891 592 titulum
926 531 1003 594 satis
1032 535 1167 594 testatur
1199 529 1322 614 Capito-

261 640 349 703 linus
374 640 404 720 (l.
421 635 472 722 e).
508 637 730 719 Consoriptum
748 643 815 701 erat
830 637 1034 718 hexametris
1051 644 1087 703 ut
1103 639 1194 703 docet
1210 661 1329 705 versus

261 746 408 836 aNonio
433 745 476 831 (p.
502 746 555 809 65.
580 748 622 828 8.)
645 747 798 810 traditus:
824 748 945 825 ‚Cicero
969 748 1138 830 Aleion.‘*)

374 835 414 921 ..
439 904 447 919 .
472 857 561 920 hunc
583 859 695 940 genuit
717 847 811 920 claris
835 857 983 939 delapsus
1007 858 1046 920 ab
1071 861 1163 923 astris

372 969 529 1048 praevius.
553 953 701 1029 Aurorae
725 967 802 1030 solis
825 969 994 1049 noctisque
1019 967 1166 1032 satelles*

367 1074 492 1159 Agebat
524 1096 646 1160 poema,
680 1081 716 1139 ut
750 1076 864 1139 titulus
899 1075 1078 1159 significare
1112 1077 1249 1158 videtur,
1283 1079 1323 1142 de

262 1184 375 1266 Ceyce,
408 1204 482 1268 rege
510 1186 683 1267 Trachinia
717 1189 748 1248 et
770 1187 916 1266 Alcyone
944 1187 978 1249 in
1002 1184 1152 1268 alcyones
1182 1189 1322 1268 mutatis

187 1283 189 1288 ’
263 1314 345 1377 quae
379 1294 488 1358 fabula
512 1294 550 1357 ab
576 1293 690 1358 Ovidio
716 1315 845 1379 quoque
879 1295 967 1381 (Met.
990 1295 1050 1361 XI.
1077 1297 1152 1360 270.
1176 1306 1256 1381 sqq.)
1292 1302 1322 1362 et

262 1405 301 1468 ab
324 1403 457 1487 Hygino
481 1403 557 1485 (fab.
581 1401 650 1488 65.)
686 1405 821 1487 aliisque
843 1410 972 1469 narrata
996 1411 1051 1470 est.
1098 1405 1232 1469 Hesiodi
1256 1427 1323 1470 oar-

260 1533 336 1577 men
358 1509 498 1601 ,Κήυκος
520 1509 631 1598 γάμος(
649 1512 794 1578 Ciceroni
810 1519 883 1578 ante
899 1515 1010 1578 oculos
1025 1515 1229 1579 obversatum
1246 1535 1324 1598 esse,

261 1628 299 1687 ut
320 1622 487 1686 Heusdius
517 1622 587 1685 vult
611 1620 644 1708 (l.
669 1642 695 1688 c.
718 1644 747 1707 p.
774 1621 852 1709 27.),
882 1643 947 1686 non
969 1629 1061 1707 puto:
1098 1643 1173 1688 nam
1207 1624 1321 1689 Hesio-

263 1733 359 1797 deum
393 1736 530 1815 carmen,
565 1738 602 1796 ut
628 1734 741 1797 titulus
760 1733 872 1824 donet,
907 1735 1044 1816 nuptias
1077 1733 1322 1798 Ciceronianum

262 1849 368 1908 autem
404 1845 583 1927 praecipue,
619 1849 655 1906 ut
684 1844 818 1923 videtur,
849 1845 1131 1928 metamorphosim
1156 1843 1269 1924 Ceycis
1293 1849 1324 1908 et

262 1956 425 2034 Alcyones
449 1953 603 2017 tractavit.
650 1952 713 2017 Hie
731 1955 865 2036 quoque
881 1955 989 2017 neseio
1007 1974 1048 2016 an
1065 1954 1323 2018 Alexandrinum

265 2063 427 2147 quendam
448 2066 574 2145 poetam
599 2060 707 2124 Cicero
736 2068 866 2127 secutus
890 2065 939 2133 sit.

370 2170 533 2254 ,Uxorius‘
558 2172 588 2252 (i.
612 2190 639 2235 e.
664 2173 758 2233 uxori
781 2171 954 2251 obnoxius)
990 2175 1078 2237 aliud
1103 2196 1120 2237 a
1145 2174 1322 2257 Capitolino

263 2283 395 2346 allatum
420 2301 548 2345 carmen
571 2282 763 2362 inscriptum
786 2280 886 2344 fuisse
910 2279 1036 2344 videtur
1053 2279 1322 2364 (non‚Uxorium‘

265 2394 351 2476 quod
374 2397 428 2456 aut
451 2392 609 2455 tributum
634 2389 793 2474 quoddam
817 2389 985 2473 significat,
1009 2389 1047 2454 of.
1061 2390 1154 2453 Paul.
1180 2409 1220 2452 ex
1238 2389 1322 2454 rest.

263 2525 293 2588 p.
320 2505 392 2566 379.
418 2502 451 2566 Ο.
469 2502 506 2565 O.
527 2501 648 2578 Muell,
672 2500 711 2563 de
736 2498 804 2582 quo
823 2501 879 2561 vix
903 2501 1076 2582 quisquam
1099 2518 1213 2562 versus
1236 2499 1323 2582 pepi-

265 2615 350 2696 gisse
373 2610 536 2694 putandus
560 2614 686 2691 estant
709 2609 820 2672 eadem
845 2610 1002 2672 sententia
1025 2613 1200 2692 usurpatur
1227 2613 1323 2690 atque

267 2719 372 2805 ‚potio‘
397 2721 459 2803 (gr.
482 2714 664 2807 ,ptirpov‘)‚
696 2718 751 2781 sed
784 2717 913 2781 demum
948 2739 967 2781 a
1000 2718 1209 2800 Quintiliano,
1245 2719 1322 2781 decl.
1383 2742 1387 2752 ·

272 2833 318 2894 15.
346 2833 392 2910 9.).
439 2829 559 2893 Similis
582 2829 697 2892 titulus
729 2831 825 2910 atque
850 2827 1014 2910 ,Uxorius‘
1050 2831 1188 2896 occurrit
1213 2831 1247 2892 in
1272 2847 1322 2891 co-

264 2941 390 3005 moedia
425 2958 508 3024 quae
544 2939 661 3002 dieitur
695 2938 887 3002 recentiore:
925 2933 1204 3024 ,sovctaoapeuid
1237 2940 1323 2999 enirn

263 3053 437 3133 inscriptae
454 3049 741 3112 erantcomoediae
753 3049 900 3112 Alexidis
918 3049 970 3130 (of.
984 3049 1104 3111 Athen.
1119 3046 1177 3110 ΠΙ.
1201 3067 1232 3129 p.
1249 3048 1322 3112 125.

264 3160 294 3225 b.
309 3159 437 3223 Pollux.
460 3158 519 3221 IX.
542 3156 611 3242 44.)
636 3162 668 3220 et
690 3159 860 3241 Amphidis
884 3159 938 3240 (of.
957 3158 1071 3220 Athen.
1086 3155 1178 3218 VIII.
1201 3176 1232 3238 p.
1250 3153 1323 3220 336.

264 3290 291 3334 c.
310 3269 466 3333 Meineke.
482 3268 610 3333 froom.
629 3265 682 3329 Gr.
700 3285 728 3329 y.
744 3266 770 3329 Ι.
791 3286 820 3348 p.
835 3263 934 3348 edel,
959 3266 1015 3348 qui
1038 3267 1122 3328 cirea
1144 3265 1324 3329 Alexandri

263 3378 371 3463 Magni
391 3441 392 3445 ,
411 3383 545 3441 aetatem
576 3376 768 3440 floruerunt.
818 3374 967 3438 Alexidis
995 3374 1175 3438 comoedias
1210 3396 1228 3438 a
1262 3374 1323 3437 Ro-

264 3491 369 3554 manis
392 3489 560 3551 translatas
584 3506 655 3550 esse
679 3489 814 3548 testatur
838 3483 962 3548 Gellius
985 3483 1026 3546 N.
1043 3484 1202 3548 A.H.23.
1249 3484 1324 3547 For-

263 3604 349 3662 tasse
372 3599 557 3660 alterutram
580 3595 777 3659 comoediam
802 3591 911 3657 Cioero
935 3598 1065 3656 secutus
1090 3599 1147 3660 est.
1179 3594 1323 3658 Uxorius

265 3709 377 3772 eadem
416 3708 573 3772 sententia
616 3710 711 3786 atque
752 3697 1115 3788 ,γυναιικοκρατούμενοςκ
1156 3704 1327 3767 adhibetur

266 3815 305 3879 ab
328 3816 462 3880 Horatio
492 3837 587 3881 carm.
612 3815 638 3878 Ι.
664 3816 692 3876 2.
719 3811 839 3898 19720„
861 3835 879 3876 a
903 3811 1046 3896 Vergilio
1067 3816 1149 3879 Aen.
1166 3813 1222 3875 IV.
1240 3812 1325 3893 266„

264 3925 467 3990 aMacrobio
492 3929 550 3988 sat.
575 3921 655 3988 VH.
674 3924 701 3985 3.
727 3924 777 3987 19.

371 4156 401 4225 l)
420 4155 599 4224 ‚Alcyonibus‘
617 4158 689 4210 recte
708 4149 829 4207 Olivetus
847 4153 1012 4223 supplevisse
1031 4151 1097 4204 mihi
1115 4149 1226 4203 videtur.
