2998 4792
273 1454 482 1574 Ciceronem
516 1503 629 1564 netum
661 1504 717 1580 est,
753 1503 790 1564 ut
823 1504 889 1564 erat
911 1500 1082 1584 multiplici
1103 1501 1226 1583 ingenii

162 1609 270 1672 indole
293 1610 485 1694 magnisque
509 1610 609 1672 animi
632 1608 845 1690 facultatibus,
872 1629 945 1672 eum
969 1609 1079 1674 multis
1102 1610 1225 1676 artibus

164 1719 316 1783 allectum
339 1726 407 1782 tum
437 1738 504 1782 non
538 1719 740 1783 mediocriter
774 1718 967 1782 delectatum
1002 1736 1070 1782 esse
1093 1720 1224 1802 poetica.

162 1827 325 1911 imprimis
349 1832 457 1891 autem
480 1827 519 1890 ab
543 1828 671 1909 Archia,
693 1831 787 1911 poeta
802 1827 1009 1906 Antiocheae,
1033 1827 1127 1890 cuius
1150 1846 1224 1890 een-

164 1939 334 2001 suetudine
358 1943 389 2001 et
412 1917 582 2019 disciplina
603 1938 668 2024 iam
690 1955 773 2020 puer
796 1936 914 2000 Romae
941 1935 1102 2018 utebatur,
1118 1955 1225 2000 amere

164 2046 271 2126 poesis
304 2046 438 2127 eiusque
460 2046 629 2128 praecipue
653 2045 790 2110 Graecae
823 2045 968 2110 imbutus
1002 2050 1057 2127 est,
1086 2049 1125 2109 ut
1154 2047 1224 2129 ipse

165 2145 264 2216 semel
287 2157 383 2236 atque
406 2155 523 2217 iterum
545 2156 580 2216 in
604 2157 745 2220 eratione
773 2175 831 2240 pre
855 2173 892 2233 eo
915 2153 1024 2218 habita
1045 2154 1221 2238 profitetur.

163 2261 273 2344 Atque
304 2261 391 2326 illam
416 2269 517 2327 artem
541 2267 654 2347 quanti
677 2271 776 2330 tetam
798 2284 856 2348 per
883 2265 982 2326 vitam
1009 2255 1225 2328 aestimaverit

162 2373 257 2436 multi
279 2373 341 2436 loci
365 2374 435 2436 eius
457 2373 613 2438 librorum
642 2375 725 2439 clare
749 2373 935 2439 ostendunt:
967 2373 1130 2436 interdum
1154 2375 1224 2455 qui·

163 2482 244 2564 dem,
268 2475 324 2547 ubi
347 2503 366 2546 a
388 2483 605 2566 philosophiae
621 2484 767 2568 partibus
790 2484 970 2566 respicitur,
985 2483 1142 2564 iniquius,
1158 2501 1225 2546 uon

161 2611 359 2675 unoquoque
393 2593 463 2656 loco
498 2613 516 2656 a
552 2591 704 2658 Cicerone
734 2595 814 2676 ipso,
848 2592 905 2656 sed
935 2627 977 2638 —·
1007 2590 1041 2652 id
1066 2590 1153 2674 quod
1174 2595 1225 2654 111

164 2701 434 2764 considerandum
456 2739 499 2751 ·-
523 2704 649 2786 saepius
673 2703 713 2766 ab
737 2703 817 2785 aliia,
841 2703 898 2786 qui
922 2701 1041 2782 dialogi
1054 2700 1224 2782 participes

165 2810 248 2886 sunt,
273 2807 312 2869 de
335 2805 430 2870 Musa
451 2811 620 2875 iudicatur.
671 2810 734 2885 Qui
765 2831 876 2874 omnes
907 2811 971 2873 loci
1002 2809 1169 2890 compositi
1193 2813 1224 2872 11

162 2917 248 2980 iuste
282 2917 450 2999 ponderati
484 2923 561 2980 sunt
595 2919 634 2980 ab
668 2918 763 2983 Edm.
785 2917 908 3000 Langie
941 2918 976 2978 in
999 2916 1108 2980 libelle
1133 2917 1224 3000 ,quid

163 3045 237 3090 cum
261 3026 299 3089 de
322 3027 454 3109 ingenie
479 3031 510 3091 11
531 3027 646 3090 litteris
669 3031 738 3089 tum
763 3027 802 3089 do
829 3025 930 3107 poetis
954 3023 1222 3090 (1111001111θὶ-

163 3155 235 3199 cere
258 3136 405 3200 senserit‘
421 3135 515 3218 ((1111.
538 3139 648 3220 inaug.
664 3135 758 3200 Halis
774 3135 891 3200 Saxeu.
911 3131 1020 3220 1880.)
1036 3155 1064 3218 p.
1082 3137 1221 3200 28—30.

161 3245 212 3308 Ac
236 3251 357 3329 quanto
381 3266 456 3310 cum
480 3247 586 3310 studio
610 3251 720 3330 poetas
743 3247 830 3328 ipsos
853 3243 976 3328 legerit,
1000 3250 1131 3328 apparet
1146 3247 1223 3310 satis

161 3354 246 3437 iude,
270 3356 357 3439 qued
381 3357 577 3440 saepissime,
610 3355 768 3439 imprimis
802 3355 837 3416 in
868 3354 1023 3437 epistulis,
1051 3374 1118 3418 non
1149 3375 1221 3418 raro

163 3484 205 3527 11
236 3467 397 3548 memoria,
431 3485 473 3530 ex
506 3467 607 3549 poetis
642 3469 673 3528 11
706 3463 861 3528 Romanis
896 3468 927 3527 11
951 3461 1081 3528 Graecis
1108 3483 1221 3528 versus

164 3573 263 3637 affert.
306 3576 395 3641 Inter
417 3575 581 3640 Romanos
604 3569 746 3637 maxime
769 3572 867 3651 Enni,
890 3573 976 3636 inter
1000 3571 1221 3635 (1111101111-

161 3684 275 3768 primis
297 3682 430 3748 Homeri
454 3691 485 3749 et
508 3685 706 3768 tragicorum
729 3683 860 3746 illorum
887 3683 988 3745 trium
1012 3680 1221 3744 admiratione

52 3795 54 3804 ’
130 3827 132 3833 ,
162 3797 274 3876 captus
299 3797 374 3856 erat.
419 3792 560 3877 Largius
590 3798 697 3857 autem
724 3793 820 3874 paule
848 3793 995 3875 iniquius
1024 3791 1220 3872 quantopere

162 3902 270 3968 Cicero
294 3905 330 3966 in
352 3907 519 3986 poetarum
552 3902 700 3986 operibus
725 3901 887 3966 volutatus
912 3902 953 3964 sit
976 3901 1117 3962 statuere
1140 3899 1219 3960 mihi

160 4013 299 4095 videtur,
330 4033 405 4077 eum
440 4013 567 4095 saepius
601 4014 630 4094 (l.
661 4033 688 4076 c.
713 4033 744 4096 p.
769 4012 821 4074 45.
841 4008 925 4093 sqq.)
948 4008 1033 4090 inde,
1068 4007 1154 4091 qued
1177 4027 1219 4072 ex

161 4122 326 4188 nonnullis
349 4123 451 4206 poetis
474 4141 577 4206 pauca
598 4127 724 4186 tantum
750 4121 849 4204 penit,
871 4117 1000 4200 colligit,
1024 4136 1078 4182 ees
1104 4118 1219 4181 leviter

1008 4237 1022 4291 1
