2998 4792
702 363 741 425 21

192 546 294 609 Mario
318 542 516 622 conscriptos
541 557 610 601 esse
645 545 766 622 putant.
814 538 876 604 Sed
899 540 978 602 mihi
1002 540 1132 623 quidem
1155 541 1258 603 incre·

193 655 291 718 dibile
315 672 385 717 esse
401 650 536 726 videtur,
560 651 646 713 hunc
662 650 849 713 Scaevolam
866 648 1017 712 laudibus
1041 649 1122 711 illud
1145 668 1258 732 poema

193 766 360 828 extulisse:
394 765 463 824 erat
491 761 575 822 enim
609 761 798 842 optimatum
828 761 967 842 partium
1003 757 1258 822 studiosissimus

192 872 454 956 implacabilique
476 871 511 930 in
523 868 685 932 Marianos
710 868 781 931 odio
804 867 960 931 imbutus.
1006 867 1075 930 Iam
1091 869 1126 929 in
1145 866 1258 931 funere

194 979 277 1040 Mari
308 999 335 1041 a.
370 977 420 1040 86.
454 978 628 1060 instigante
652 977 685 1042 C.
710 978 819 1040 Flavio
844 976 984 1039 Fimbria
1016 975 1154 1039 Mariani
1184 995 1258 1040 eum

194 1086 338 1150 occidere
362 1087 466 1149 conati
490 1092 583 1150 sunt:
608 1107 675 1149 non
699 1091 807 1149 autem
824 1087 909 1169 quod
934 1085 1071 1169 agebant
1094 1087 1257 1150 successit.

194 1197 257 1260 Sed
280 1196 423 1278 pontifex
458 1215 524 1258 non
548 1197 660 1278 effugit
682 1197 768 1261 illos:
804 1197 915 1278 paucis
947 1197 1032 1258 enirn
1065 1198 1137 1276 post
1164 1195 1258 1256 annis

195 1307 237 1387 (a.
263 1305 328 1390 82.)
353 1305 453 1368 Mario
477 1305 544 1368 filio
569 1313 699 1369 auctore
722 1308 817 1368 iuxta
838 1305 956 1381 Vestae
980 1305 1136 1387 templum
1159 1306 1257 1367 truci-

196 1417 288 1479 datus
312 1421 366 1481 est.
416 1413 506 1490 Quae
530 1435 606 1478 cum
629 1417 674 1478 ita
698 1417 771 1496 sint,
804 1415 987 1478 Scaevolam
1017 1413 1199 1497 pontificem
1223 1415 1258 1476 in

193 1527 353 1608 prooemio
381 1525 437 1587 illo
467 1545 485 1587 a
509 1523 664 1588 Cicerone
687 1523 861 1608 significari
892 1542 963 1586 meo
991 1513 1111 1587 iudicio
1138 1543 1257 1608 negan-

193 1635 269 1697 dum
294 1640 351 1698 est.

299 1742 510 1806 Drumannus
535 1741 657 1824 (11.1.
678 1743 717 1808 V.
734 1763 765 1826 p.
783 1739 869 1826 221.)
895 1740 930 1816 Q.
955 1741 1100 1804 Mucium
1123 1739 1258 1803 Scaevo-

192 1853 258 1914 lam
282 1871 438 1933 augurem
463 1871 532 1914 esse
549 1852 721 1916 arbitratus
738 1870 867 1915 carmen
889 1853 923 1914 in
943 1870 1027 1914 anno
1048 1851 1099 1913 81.
1117 1850 1259 1931 collocat,

195 1980 258 2040 quo
275 1965 306 2022 et
323 1960 445 2024 Marius
460 1964 593 2024 revert't
609 1971 639 2026 et
654 1963 751 2024 huius
768 1962 898 2043 quidem
919 1962 981 2023 viri
1002 1961 1085 2024 docti
1101 1960 1259 2022 sententia

195 2088 302 2149 augur
324 2075 471 2132 mortuus
495 2077 552 2134 est.
599 2072 660 2135 Sed
684 2091 748 2134 non
766 2071 938 2134 verisimile
962 2075 1019 2151 est,
1042 2075 1079 2132 ut
1094 2069 1258 2152 Hauptius

196 2195 279 2259 opss.
299 2177 372 2243 1,.1.
390 2198 419 2261 p,
439 2180 513 2243 211.
540 2201 608 2264 sqq.
632 2186 718 2252 recte
742 2181 882 2264 exponit,
907 2179 1094 2243 Ciceronem
1116 2181 1156 2242 iis
1179 2179 1258 2261 ipsis

196 2287 373 2369 mensibus,
407 2289 526 2371 quibus
559 2293 645 2355 cives
678 2291 876 2354 atrocissime
907 2292 1049 2353 interese
1072 2289 1259 2352 saeviebant

195 2399 405 2480 omniumque
430 2401 530 2462 animi
549 2402 790 2465 concitatissimi
811 2403 910 2480 erant,
933 2404 1004 2462 tum
1020 2417 1094 2461 cum
1112 2399 1257 2461 nondum

193 2525 246 2569 res
274 2508 314 2568 ad
347 2513 470 2572 certum
503 2516 654 2573 eventum
689 2511 848 2594 profectae
882 2514 980 2589 erant,
1012 2508 1092 2570 illud
1129 2526 1257 2570 carmen

195 2615 386 2679 condidisse.
441 2624 485 2680 At
519 2621 603 2683 ultra
636 2640 805 2705 progresso
840 2619 984 2702 Hauptio
1014 2615 1049 2702 (l.
1078 2614 1120 2702 c.)
1156 2617 1255 2699 ‚mira‘

107 2812 111 2818 ἡ
196 2722 432 2813 quodammodo
457 2745 493 2788 ea
516 2748 645 2811 quoque
670 2732 828 2794 sententia
848 2748 917 2792 esse
934 2727 1070 2808 videtur,
1093 2727 1256 2790 Ciceronis

195 2849 271 2912 epos
289 2832 374 2894 intra
396 2837 560 2916 proximos
583 2841 655 2918 post
677 2836 760 2898 Mari
782 2843 917 2900 mortem
941 2856 1051 2914 annea,
1075 2838 1166 2916 ,inter
1188 2838 1257 2918 ipsa

194 2939 414 3004 Marianorum
449 2943 580 3006 scelera*
613 2949 716 3006 ortum
749 2963 826 3008 esse.
873 2945 981 3026 Atque
1008 2947 1104 3006 etiam
1129 2963 1170 3006 ex
1192 2944 1256 3006 illis

193 3050 302 3113 verbis
335 3051 390 3132 (de
417 3051 499 3134 legg.
525 3052 550 3116 Ι.
582 3055 609 3117 1.
635 3052 680 3138 4.)
717 3057 816 3137 ,atqui
850 3055 953 3118 multa
988 3058 1189 3136 quaeruntur
1222 3055 1256 3115 in

193 3158 295 3222 Mario
326 3159 442 3224 fictane
477 3181 518 3224 an
550 3181 626 3225 vera
657 3166 723 3226 sint
750 3171 781 3227 11
803 3185 822 3226 1
845 3164 1019 3244 nonnullis,
1047 3163 1140 3248 ¹quod
1168 3168 1199 3226 ct
1221 3165 1255 3224 in

192 3271 314 3333 recenti
347 3273 501 3334 memoria
532 3277 562 3335 et
593 3273 628 3335 in
651 3275 802 3355 Arpinati
826 3275 954 3338 homine
977 3292 1114 3354 versere,
1138 3274 1255 3346 veritas

192 3386 264 3442 ate
287 3381 476 3464 postulatus
503 3401 655 3465 apparere
685 3387 786 3466 putat,
817 3403 946 3447 carmen
975 3385 1119 3447 omnium
1145 3383 1255 3445 oculos

194 3494 224 3548 et
248 3493 372 3554 animos
407 3493 441 3553 in
477 3511 511 3555 se
539 3494 736 3555 convertisse
765 3498 796 3555 et
820 3494 1066 3576 disceptationes
1090 3491 1256 3571 excitasse,

194 3597 281 3678 quod
306 3598 344 3660 de
367 3603 507 3664 carmine
530 3603 564 3663 in
589 3602 806 3666 adulescentia
828 3604 945 3685 scripto
967 3603 1088 3664 factum
1112 3619 1183 3663 esse
1199 3601 1256 3661 vix

193 3705 344 3768 credibile
367 3709 417 3770 sit.
467 3709 652 3773 Scaevolam
676 3717 784 3775 autem
816 3713 909 3775 illum
942 3731 1048 3794 neque
1072 3709 1255 3793 pontificem

191 3833 298 3896 neque
323 3835 478 3897 augurem
502 3837 580 3898 esse,
605 3820 662 3882 sed
684 3820 720 3894 Q.
738 3821 882 3885 Mucium
908 3821 1095 3885 Scaevolam
1123 3821 1255 3901 auguris

191 3923 308 3988 filium.
354 3924 387 3987 Is
411 3926 496 4008 apud
520 3925 556 4000 Q.
578 3926 761 3992 Ciceronem
785 3931 869 3994 inter
892 3932 1068 3992 amicorum
1093 3929 1255 3992 cohortem

194 4051 220 4096 a.
247 4035 297 4097 59.
323 4029 361 4097 'in
385 4035 464 4098 Asia
497 4045 710 4101 commoratus
735 4045 767 4102 ct
800 4041 934 4102 fortasse
958 4038 1042 4101 idem
1067 4043 1122 4116 est,
1158 4058 1255 4121 quem

192 4141 318 4206 Plinius
352 4164 402 4228 ep.
429 4146 456 4205 5.
482 4146 510 4208 3.
536 4146 619 4208 inter
641 4153 750 4230 poetas
783 4151 943 4230 numerat5
976 4147 1062 4212 1111.
1084 4149 1188 4213 Tullio
1219 4152 1254 4213 in
