2998 4792
691 375 730 436 51

172 556 293 615 contra
318 549 502 615 Ciceronem
535 569 714 633 numquam
737 555 841 614 totum
865 549 1055 627 Homerum,
1089 550 1144 614 sed
1179 550 1244 614 sin-

179 661 274 744 gulos
308 664 433 724 tantum
467 661 553 724 locos
577 662 782 737 convertisse,
818 679 969 744 apparere
1004 660 1084 722 mihi
1116 658 1244 723 videtur

181 789 223 834 ex
246 769 354 834 verbis
367 789 398 842 a.
423 771 479 836 45.
504 771 629 852 scriptis
652 769 705 855 (de
727 769 785 836 fin.
801 769 841 832 V.
866 770 917 833 18.
943 769 1011 850 49.)
1037 788 1120 851 ,nam
1143 769 1245 832 verti

180 884 223 943 ut
247 879 433 962 quaedam
456 878 616 942 Homeri
639 880 686 944 sio
707 927 716 944 ,
740 925 747 942 .
771 877 791 942 .‘

287 989 422 1072 Saepius
439 989 554 1053 diserte
570 993 626 1052 aut
639 987 800 1052 Ciceronis
817 989 920 1071 ipsius
937 992 994 1051 aut
1009 987 1144 1050 aliorum
1154 986 1244 1050 testi-

180 1101 289 1163 monio
302 1097 485 1179 affirmatur,
497 1117 610 1162 versus
625 1101 681 1182 qui
694 1101 867 1162 occurrunt
879 1096 919 1160 ab
932 1115 969 1160 eo
981 1095 1152 1159 translatos
1164 1113 1244 1173 esse,

180 1209 219 1273 cf.
240 1209 279 1272 de
300 1206 491 1272 1111130.
510 1207 566 1290 633
591 1207 704 1272 defin.
729 1207 765 1272 V.
785 1209 836 1273 18.
854 1208 911 1286 49;
936 1205 1027 1270 Tusa.
1049 1204 1107 1268 HI.
1133 1206 1160 1268 9.
1186 1205 1243 1284 18;

179 1318 355 1401 Augustin.
375 1317 414 1380 de
430 1317 490 1380 cir.
510 1317 561 1380 dei
578 1316 617 1382 V.
641 1316 671 1383 8.
688 1318 742 1400 (de
756 1319 835 1381 locis
846 1313 1060 1398 Homericis);
1083 1313 1242 1380 (1111111.

181 1428 233 1489 32.
255 1427 326 1510 1053
344 1425 435 1490 Tusa.
453 1425 513 1489 III.
533 1427 582 1490 14.
604 1427 660 1506 293
680 1427 719 1489 de
735 1425 858 1491 0111Π.
873 1427 924 1490 29.
939 1424 1010 1488 108.
1028 1423 1081 1510 (de
1094 1423 1244 1487 versibus

179 1535 384 1622 Euripideis).
409 1535 457 1600 De
475 1537 587 1599 ceteris
599 1536 678 1599 locis
691 1541 812 1599 certum
825 1534 1045 1597 testimonium
1058 1533 1163 1597 afferri
1177 1552 1244 1596 non

90 1662 94 1668 ·
176 1649 289 1729 potest.
337 1644 485 1720 Quorum
510 1665 706 1728 quamquam
729 1645 862 1728 plurimi
881 1641 920 1705 ab
945 1659 985 1704 eo·
1004 1643 1074 1724 ipso
1098 1644 1246 1706 conversi

176 1756 311 1838 putandi
346 1760 432 1837 sunt,
465 1760 573 1819 tamen
609 1754 767 1836 quaedam
799 1752 903 1814 cautio
938 1750 999 1813 hac
1021 1753 1056 1813 in
1087 1771 1122 1814 re
1156 1752 1245 1815 adhi-

177 1865 283 1928 benda
300 1870 356 1930 est.
406 1864 558 1947 Exempli
575 1883 674 1927 causa
696 1861 743 1924 illi
769 1865 920 1944 quattuor
936 1879 1058 1941 versus,
1082 1862 1138 1943 qui
1152 1860 1245 1925 Taso.

177 1971 223 2036 Π.
241 1973 290 2035 10.
307 1975 349 2036 23
366 1993 408 2036 ex
422 1971 578 2054 Aeschyli
595 1970 785 2036 Prometheo
805 1970 909 2033 soluto
933 1969 1113 2033 afferuntur
1136 1969 1245 2055 (pudo

179 2082 265 2165 ignis
300 2082 387 2146 cluet
410 2131 417 2144 .
442 2131 449 2146 .
475 2129 483 2146 .
508 2081 549 2165 ἒ),
581 2101 648 2144 101
680 2080 720 2144 ad
744 2077 930 2142 Ciceronem
964 2079 1123 2142 referendi
1159 2085 1246 2160 sunt,

178 2192 235 2254 sed
269 2192 309 2254 ad
332 2193 479 2273 Accium,
511 2210 618 2275 aquo
653 2189 799 2252 conversi
822 2190 861 2254 11
887 2187 1097 2252 Philoctetam
1125 2190 1245 2272 recepti

179 2305 281 2364 erant:
317 2320 399 2385 quos
432 2299 541 2364 Cicero
573 2300 662 2363 nullo
691 2298 789 2363 verbo
824 2297 985 2380 significat
1019 2316 1060 2360 ex
1083 2298 1182 2361 Accio
1210 2318 1244 2361 sa

177 2413 354 2494 sumpsisse
378 2411 511 2494 (quippe
528 2429 602 2473 cum
628 2427 755 2492 sperare
779 2409 809 2470 ei
832 2407 942 2469 liceret
958 2406 1109 2470 omnibus
1132 2413 1245 2470 notum

177 2519 324 2584 futurum
357 2539 443 2597 esse,
479 2521 574 2584 ouius
607 2516 741 2602 essent),
782 2516 839 2580 sed
872 2514 982 2579 eodem
1017 2516 1112 2578 modo
1146 2518 1245 2598 ponit,

179 2647 243 2708 quo
288 2629 522 2710 subsequentes
567 2649 609 2692 ex
648 2628 758 2692 eadem
796 2626 852 2688 illa
873 2625 1045 2705 ,Aeschyli
1082 2625 1245 2708 tragoedia

178 2755 292 2800 versus
314 2736 428 2799 Latine
452 2756 637 2819 expressos:
673 2738 697 2798 ii
721 2740 826 2800 autem
852 2735 893 2798 ad
926 2753 999 2798 eum
1023 2736 1129 2818 ipsum
1152 2755 1244 2798 revo-
1314 2762 1318 2770 ¹

178 2847 274 2909 candi
297 2865 367 2910 esse
390 2846 543 2908 videntur
567 2842 621 2932 (cf.
637 2844 714 2910 ibid.
731 2847 750 2924 ξ
768 2845 820 2909 26.
844 2845 886 2906 A:
912 2844 1009 2919 ,unde
1031 2845 1086 2907 isti
1109 2845 1243 2908 versus?

177 2976 244 3019 101
268 2958 353 3020 enim
378 2954 535 3038 agnosco!
560 2954 612 3036 11,
635 3003 643 3019 .
666 3003 673 3018 .
697 3003 704 3016 .
729 3003 736 3018 .
761 2954 893 3017 videsne
917 2953 1081 3017 abundare
1105 2973 1156 3017 me
1180 2955 1244 3017 otio

177 3114 378 3130 .......
404 3067 515 3148 itaque
531 3069 703 3147 postquam
725 3065 873 3126 adamavi
889 3064 971 3127 hano
995 3065 1089 3147 quasi
1109 3065 1243 3128 senilem

179 3175 453 3255 declamationem,
477 3174 621 3237 studiose
638 3173 785 3255 equidem
811 3176 885 3235 utor
905 3174 1022 3236 nostris
1037 3177 1154 3258 poetis;
1180 3175 1244 3256 sed,

176 3285 281 3349 sicubi
314 3286 362 3348 illi
395 3283 589 3362 defecerunt,
626 3284 707 3346 verti
741 3279 844 3344 multa
879 3283 917 3346 de
942 3281 1080 3362 Graecis,
1115 3303 1243 3366 nequo

177 3398 364 3456 ornamento
403 3393 438 3455 in
470 3392 530 3454 hoc
562 3410 679 3476 genere
716 3391 939 3475 disputationis
978 3397 1099 3456 careret
1131 3392 1244 3456 Latina

178 3501 312 3584 orati0.³)

285 3608 353 3684 Quo
377 3617 519 3695 tempore
543 3612 688 3695 singulos
716 3611 803 3674 locos
827 3611 1028 3687 converterit,
1056 3612 1154 3673 statui
1176 3629 1240 3673 non

177 3721 294 3801 potest3
329 3737 387 3801 per
408 3725 506 3783 totam
540 3725 647 3784 autem
671 3723 771 3784 vitam
800 3720 876 3782 huic
899 3720 946 3782 rei
969 3719 1132 3782 studuisse
1155 3721 1243 3790 vide-

176 3832 238 3906 tur,
263 3847 328 3910 qua
352 3827 390 3890 de
415 3847 513 3892 causa
528 3829 578 3892 his
598 3829 734 3913 singulis
758 3828 907 3892 versibus
932 3833 1111 3894 extremum
1134 3830 1243 3893 locum
1305 3809 1308 3812 ¹

173 3937 209 3999 11
255 3935 368 4000 ordine
408 3939 514 4020 poesis
558 3936 784 4001 Ciceronianae
829 3939 1000 4021 assignavi.
1059 3937 1128 4002 Nec
1169 3958 1242 4003 vero

176 4045 395 4128 improbabilis
419 4047 578 4110 sententia
600 4052 657 4130 est,
685 4048 874 4130 complures,
901 4048 1057 4130 imprimis
1081 4049 1243 4132 longiores

175 4152 261 4218 locos
283 4156 377 4220 illum
398 4157 464 4218 iam
481 4155 760 4222 adulescentulum
781 4156 895 4220 Latine
918 4157 1106 4240 reddidisse,
1130 4180 1242 4241 quam-

1025 4273 1060 4328 4*
