2998 4792
616 378 754 440 ‘31

310 557 507 638 Inscriptum
550 557 619 616 erat
646 573 777 618 carmen
809 555 857 636 ,de
890 555 1062 618 consulatu
1095 553 1178 617 meo‘
1213 553 1265 617 vel

200 668 356 731 similiter.
403 664 499 728 Errat
532 663 722 728 Leutschius
763 661 931 748 (Zeitsehr.
958 664 980 726 f.
1013 664 1043 728 d.
1072 663 1266 726 Altertnms-

200 776 387 841 wissensch.
427 775 521 836 1834.
555 793 586 856 p.
625 772 697 835 161.
733 773 805 836 adn.
842 772 919 859 lo),
953 793 1028 837 cunr
1063 777 1168 855 negat,
1202 772 1265 834 tale

201 905 321 948 nomen
357 903 493 966 nsquam
525 883 678 946 inveniri.
726 880 867 956 Quintus
890 883 975 945 enim
1010 883 1108 945 frater
1135 882 1175 946 de
1198 882 1265 945 dir.

200 994 227 1058 Ι.
254 995 305 1058 11.
333 993 395 1070 17„
430 1011 501 1055 oum
536 1010 647 1055 versus
684 989 782 1066 affert,
817 992 944 1054 disertis
967 990 1075 1054 verbis
1098 992 1201 1053 utitur
1223 991 1265 1072 ,in

202 1103 345 1166 secundo
369 1102 408 1165 de
430 1100 626 1180 consulatu‘3
651 1109 816 1181 praeterea
832 1099 971 1182 Nonius,
994 1120 1068 1163 oum
1091 1098 1266 1162 nonnullos

202 1231 317 1275 versus
333 1212 429 1294 ponit,
447 1209 538 1272 dicit:
565 1208 687 1286 ‚Cicero
710 1209 745 1270 in
767 1211 937 1273 consulatu
961 1209 1032 1272 666ε
1056 1211 1098 1292 (6.
1112 1209 1187 1272 202.
1200 1207 1265 1293 22.)

202 1324 234 1383 et
258 1320 349 1402 ,idem
372 1319 561 1382 consulatus
585 1319 636 1381 sui
658 1318 713 1382 lib.
737 1318 789 1381 Il.t
814 1323 854 1402 (p.
880 1319 955 1382 204.
980 1317 1032 1401 8.).

311 1449 461 1512 Divisum
480 1450 583 1512 fuisse
600 1449 730 1513 videtur
750 1469 863 1532 poema
878 1450 913 1511 in
930 1448 1029 1512 libros
1041 1453 1116 1510 tres.
1144 1448 1266 1530 Aperte

203 1560 330 1642 quidem
365 1561 549 1622 testimonio
584 1578 650 1621 non
685 1557 869 1636 affirmatur,
917 1563 988 1641 apte
1022 1561 1129 1621 autem
1164 1561 1266 1620 totum

199 1689 328 1732 carmen
363 1668 458 1732 finire
494 1668 573 1730 mihi
606 1668 733 1731 vIdetur
762 1668 925 1731 conclusio
953 1668 1039 1730 tertii
1062 1666 1144 1748 libri,
1168 1685 1266 1749 quam

201 1778 310 1841 Cicero
325 1781 395 1861 ipse
418 1780 453 1838 in
477 1776 613 1858 epistula
636 1779 675 1840 ad
698 1780 764 1842 Att.
787 1778 832 1841 Π.
861 1778 888 1839 3.
906 1778 935 1841 3.
959 1775 1061 1838 affert:
1087 1795 1146 1856 ‚me
1168 1799 1266 1840 κατα-

201 1886 318 1967 κλεὶς*)
343 1907 414 1950 mea
436 1886 493 1950 illa
517 1891 704 1968 commovet,
721 1907 802 1968 quae
823 1888 870 1950 est
883 1887 918 1946 in
932 1884 1014 1947 libro
1030 1885 1122 1947 tertio

292 1998 423 2075 ,interea
447 2015 561 2058 cursus
592 2014 673 2078 quos
697 1996 801 2077 prima
829 2000 956 2077 aparte
979 1995 1130 2057 iuventae

294 2123 441 2186 quosque
466 2104 544 2166 adeo
569 2105 683 2168 consul
706 2105 824 2167 virtute
847 2104 1020 2184 animoque
1036 2105 1154 2187 petisti,

293 2213 350 2276 hos
374 2214 477 2276 retine
500 2217 595 2295 atque
619 2233 699 2297 auge
714 2213 832 2276 famam
854 2215 1035 2296 laudesque
1059 2213 1239 2277 bonorum}

312 2323 483 2386 Praeterea
517 2327 580 2386 tres
613 2324 688 2386 libri
734 2325 920 2387 consulatus
966 2332 1038 2406 apte
1071 2322 1267 2406 respondent

201 2432 303 2496 tribus
338 2433 431 2495 libris
460 2433 614 2516 poematis
642 2433 691 2515 ,de
714 2432 913 2515 temporibus
937 2431 1027 2495 meis‘
1051 2433 1204 2514 inscripti,
1228 2432 1267 2496 de

202 2563 267 2624 quo
289 2542 374 2605 infra
398 2541 571 2604 dicendum
594 2544 662 2606 erit.

312 2669 452 2732 Exstant
483 2672 570 2734 haud
596 2675 641 2736 Ita
667 2673 770 2736 multa
791 2671 971 2754 fragmenta
998 2672 1117 2753 aliique
1139 2672 1202 2734 loci
1226 2672 1267 2735 ad

205 2779 265 2840 hoo
289 2797 419 2840 carmon
443 2786 631 2860 spectantes,
652 2783 696 2842 ita
712 2785 748 2842 nt
764 2782 803 2843 de
820 2781 1029 2862 dispositione
1045 2801 1154 2844 rerum
1165 2801 1267 2864 pauca

205 2893 332 2950 tantum
356 2888 502 2950 conicere
525 2890 695 2971 possimus.
740 2889 837 2950 Initio
856 2891 952 2970 primi
966 2888 1041 2950 libri
1067 2889 1149 2951 illud
1173 2908 1266 2952 omen

205 2997 393 3060 consulatus
424 2996 528 3059 futuri
556 3002 720 3060 narratum
750 3015 819 3059 esse
857 2997 993 3076 videtur,
1029 2998 1115 3080 quod
1148 2997 1266 3062 factum

204 3111 258 3186 est
279 3106 445 3169 Terentiae
479 3111 611 3170 auctore
647 3107 757 3170 Servio
786 3106 825 3169 ad
854 3104 949 3189 Verg.
977 3107 1047 3171 Eoi.
1072 3107 1159 3170 VIII.
1186 3109 1266 3174 106:

204 3222 326 3299 ,sponte
351 3235 410 3278 sua
428 3218 443 3299 s
461 3218 531 3280 sine
556 3219 631 3300 igne
655 3215 762 3280 subito
786 3235 827 3279 ex
849 3218 929 3299 ipsis
953 3218 1114 3283 elneribus
1137 3219 1267 3285 flamma

201 3327 340 3390 emersit.
389 3325 461 3390 Hoc
495 3329 592 3390 uxori
626 3325 787 3390 Ciceronis
820 3327 937 3390 dicitur
969 3330 1155 3412 contigisse:
1191 3351 1266 3394 cum

202 3440 273 3517 post
299 3442 466 3518 peractum
495 3435 695 3501 sacrificium¹
719 3437 820 3501 libare
851 3437 947 3501 vellet
976 3440 1011 3502 in
1041 3441 1190 3522 cinerem,
1225 3461 1267 3504 ex

204 3546 271 3625 ipso
303 3547 408 3609 cinere
431 3545 563 3609 flamma
586 3549 736 3629 surrexit,
772 3567 855 3630 quac
878 3546 1007 3611 flamma
1035 3551 1147 3613 eodem
1181 3571 1267 3615 anno

203 3653 370 3715 consulein
391 3655 537 3719 futurum
561 3659 700 3720 ostendit
716 3659 787 3721 eius
811 3659 972 3741 maritum,
997 3661 1081 3724 sicut
1097 3660 1208 3724 Cicero
1232 3663 1266 3724 in

204 3781 263 3826 suo
287 3767 422 3826 testatur
443 3767 607 3848 poemate}
632 3804 674 3814 -
691 3765 816 3832 Deinde
839 3771 874 3831 in
897 3769 980 3832 libro
1003 3771 1106 3852 primo
1129 3770 1265 3836 finxisse

308 4002 339 4072 *)
367 4001 499 4058 κατακλείς
526 4005 697 4070 probabiliter
725 4010 880 4063 emendant
897 4007 1045 4062 Turnebus
1065 4008 1145 4064 Ccdd.
1165 4011 1264 4066 habent

204 4114 350 4166 κατακρεσις
369 4096 413 4149 vel
430 4113 550 4162 κατασις;
569 4096 691 4154 simililer
710 4105 865 4168 corruptum
884 4104 927 4154 est
943 4099 1075 4157 κατακλείς
1094 4104 1128 4157 ad
1142 4104 1196 4160 All.
1215 4106 1262 4162 IX.

206 4183 247 4237 18.
265 4185 290 4241 3.
308 4187 337 4241 in
355 4209 465 4244 κατακις.
