2998 4792
753 361 795 421 28

247 535 333 616 quod
361 534 517 616 Tanaquil
540 533 642 596 Faber
665 537 847 619 suspicatus
878 541 939 617 est,
977 535 1138 602 Ciceronis
1177 557 1308 600 carmen

245 643 328 706 illud
352 645 580 726 epigrammata
603 646 637 707 in
661 647 747 709 viros
771 646 965 710 excellentes
989 649 1195 731 complexum
1227 665 1307 710 esse.

351 752 439 816 Num
464 751 592 817 Caesari
625 755 660 816 in
694 755 757 818 illis
789 755 938 818 versibus
959 756 995 818 in
1017 756 1199 820 Terentium
1223 776 1308 820 com-

245 862 365 944 positis,
390 882 469 945 quos
493 861 668 927 Suetonius
691 866 710 926 l.
734 884 759 928 c.
784 867 886 947 ponit:

407 971 462 1053 ,Tu
497 992 646 1055 quoque,
678 980 715 1037 tu
748 977 783 1036 in
808 977 956 1058 summis,
991 995 1009 1038 o
1045 976 1207 1040 'dimidiata
1241 975 1308 1040 Me·

405 1083 529 1145 nander
553 1102 578 1145 e.
603 1105 632 1166 q.
656 1083 690 1146 s*

246 1187 408 1252 Ciceronis
431 1210 554 1272 versus
588 1197 625 1255 ut
647 1192 795 1256 Nobbius
819 1194 837 1256 l.
862 1213 887 1256 c.
916 1191 958 1279 (p.
984 1195 1097 1276 1047.)
1121 1195 1201 1274 vult,
1235 1197 1308 1258 ante

246 1299 357 1363 oculos
392 1299 552 1363 obversati
587 1302 659 1377 sint,
695 1302 788 1364 valde
823 1303 958 1366 dubium
987 1310 1045 1368 est.
1092 1303 1308 1366 Verisimilius

245 1414 352 1471 autem
377 1413 432 1490 est,
463 1409 642 1476 Ausonium
670 1412 705 1473 in
729 1414 933 1494 Protreptioo,
957 1419 992 1475 ut
1014 1413 1098 1476 idem
1123 1414 1173 1474 vir
1196 1413 1308 1476 doctus

246 1519 277 1598 (l.
310 1515 351 1602 c.)
376 1523 475 1600 putat,
500 1518 784 1583 Ciceronianorum
817 1541 973 1586 versuum
999 1522 1200 1586 recordatum
1231 1541 1309 1604 esse,

246 1647 319 1689 curn
345 1629 441 1691 simili
466 1630 599 1694 exordio
623 1651 703 1694 usus
728 1631 767 1692 de
791 1631 902 1694 eodem
925 1637 1019 1715 poeta
1042 1632 1133 1695 dicit:

405 1738 461 1820 ,Tu
485 1758 624 1820 quoque,
648 1741 704 1822 qui
725 1739 852 1803 Latium
886 1741 967 1804 lecto
991 1761 1145 1822 sermone,
1169 1741 1304 1820 Terenti,

404 1851 504 1912 comis
528 1854 558 1912 et
582 1850 751 1914 adstrictus
774 1853 934 1934 percurris
958 1852 1081 1935 pulpita
1104 1870 1205 1933 socco,

405 1957 445 2019 ad
468 1978 553 2021 nova
575 1961 632 2021 vix
659 1979 834 2024 memorem
859 1960 1001 2024 diverbia
1025 1980 1101 2044 coge
1126 1961 1308 2026 senectam.t

351 2064 425 2127 Non
463 2070 728 2151 praetermittam,
761 2070 1059 2135 Reifferscheidium
1098 2072 1309 2150 dubitantem,

246 2196 325 2238 num
350 2175 392 2241 M.
423 2176 548 2240 Tullius
571 2176 737 2241 Limonem
769 2182 939 2261 scripserit,
974 2201 1070 2244 causa
1105 2201 1169 2244 non
1205 2181 1309 2259 allata,

248 2285 367 2361 Quinto
398 2287 488 2349 fratri
523 2299 651 2350 carmen
684 2287 828 2350 addicere
863 2289 958 2350 malle
997 2288 1050 2373 (of.
1079 2290 1207 2352 Sueten.
1243 2291 1309 2352 rell.

248 2396 295 2459 ed.
318 2395 502 2461 Reiffersoh.
532 2418 560 2481 p.
584 2398 659 2461 426.
692 2397 773 2478 adn,
799 2395 875 2484 ibid.
910 2391 945 2458 ln
978 2396 1084 2458 indico
1119 2418 1148 2480 p.
1185 2396 1259 2459 560.
1283 2418 1308 2461 s

247 2527 277 2568 r.
304 2505 339 2581 Q.
366 2506 499 2589 Cicero).
545 2507 607 2571 Sed
635 2507 714 2570 mihi
737 2507 815 2569 haee
850 2509 930 2568 ratio
955 2505 1121 2568 dubitandi
1150 2525 1213 2568 non
1237 2526 1309 2588 pro-

247 2615 359 2679 babilis
395 2635 465 2680 esse
501 2617 637 2679 videtur.
682 2615 805 2678 Eodem
839 2617 909 2678 iure
940 2617 973 2677 in
1010 2615 1161 2679 omnibus
1195 2618 1309 2678 ceteris

245 2723 288 2788 M.
322 2725 405 2787 Tulli
440 2725 645 2806 carminibus,
687 2744 769 2807 quae
794 2725 833 2787 ab
862 2744 900 2788 eo
935 2727 1108 2808 composita
1142 2744 1210 2789 esse
1243 2745 1308 2788 non

245 2838 331 2920 apud
362 2837 470 2919 ipsum
501 2836 683 2898 testimonia
714 2840 897 2916 occurrunt,
932 2835 987 2899 sed
1011 2837 1216 2918 praenomine
1245 2856 1307 2899 non

246 2947 368 3009 adiecto
401 2945 488 3029 apud
518 2946 601 3008 alios
629 2947 807 3028 scriptores
837 2945 983 3009 dubitare
1008 2945 1090 3026 licet,
1122 2965 1201 3008 num
1225 2945 1309 3007 Mar·

246 3075 303 3118 cus
328 3057 507 3118 carminum
542 3057 583 3118 sit
606 3061 730 3119 auctor:
759 3074 830 3118 meo
855 3057 985 3138 quidem
1008 3055 1128 3117 iudicio
1158 3053 1308 3117 omnibus

245 3165 331 3246 locis,
366 3163 423 3226 ubi
447 3163 556 3227 Cicero
591 3166 797 3246 praenomine
832 3167 950 3230 omisso
985 3164 1171 3247 appellatur,
1207 3166 1234 3226 is
1259 3162 1308 3225 Oi·

245 3293 317 3337 cero
350 3273 576 3356 intelligendus
611 3280 667 3356 est,
707 3277 763 3358 qui
796 3281 843 3339 est
876 3278 910 3337 in
944 3276 1058 3338 litteris
1083 3273 1238 3336 Romanis
1273 3278 1309 3335 ut

245 3387 291 3448 ita
317 3384 419 3446 dicam
445 3383 553 3446 cicero
578 3376 649 3447 κατ’
684 3380 805 3472 ἐξοχήν.
852 3384 886 3446 Si
920 3403 970 3447 res
994 3385 1085 3446 aliter
1112 3402 1145 3446 se
1169 3381 1307 3463 haberet,

245 3493 416 3557 Suetonius
433 3496 464 3556 et
482 3495 588 3575 ceteri,
610 3513 652 3557 ne
671 3494 813 3577 legentes
830 3497 981 3574 errarent,
1005 3496 1089 3555 certe
1112 3511 1308 3574 praenomen

245 3604 449 3667 addidissent.
495 3601 564 3666 Nec
592 3622 667 3666 vero
702 3606 821 3666 mirum
849 3621 917 3666 esse
941 3606 1051 3686 potest,
1087 3603 1172 3684 quod
1197 3602 1306 3664 Cicero

245 3730 358 3774 versus
381 3713 416 3774 in
432 3710 615 3775 Terentium
639 3713 726 3776 feeit:
753 3733 828 3774 nam
849 3714 962 3795 quanti
986 3731 1059 3775 eum
1084 3713 1307 3790 aestimaverit,

246 3821 298 3882 vel
313 3821 387 3884 inde
400 3826 538 3905 apparet,
562 3821 648 3904 quod
663 3821 729 3884 lere
752 3824 859 3884 tricies
883 3841 925 3885 ex
941 3841 977 3884 oo
994 3840 1107 3885 versus
1128 3824 1164 3884 in
1181 3821 1307 3902 scriptis

246 3932 314 3993 suis
338 3931 434 3994 affert.

355 4039 425 4116 Quo
451 4048 590 4125 tempore
613 4041 726 4104 Limon
750 4041 887 4121 scriptus
911 4042 961 4116 sit,
986 4042 1083 4103 statui
1107 4059 1172 4102 non
1196 4043 1307 4120 potest.

246 4146 393 4214 Fortasse
421 4153 516 4214 etiam
544 4153 732 4216 adulescens
756 4149 866 4214 Cicero
890 4151 1077 4236 composuit,
1113 4153 1149 4211 ut
1173 4146 1307 4210 Middle-
