2998 4792
705 360 722 420 7

184 557 291 621 neque
314 537 413 602 semel
437 542 534 619 atque
565 537 682 600 iterum
715 556 816 600 novas
850 539 1048 602 coniecturas
1083 538 1244 603 faciendas

186 665 263 729 esse,
299 667 437 730 quarum
469 645 559 708 nulla
593 643 787 728 probabilior
821 651 869 710 est
903 668 999 730 quern
1031 649 1161 731 priores.
1207 648 1245 711 Id

185 777 289 820 unum
314 755 486 819 verisimile
509 772 579 818 asse
602 755 682 816 mihi
698 756 835 838 videtur,
850 757 982 820 titulum
1000 757 1113 840 lingua
1126 757 1246 820 Graeca

185 867 399 949 compositum
421 865 529 946 tuisse,
553 883 627 927 cum
651 864 709 924 vix
738 863 807 926 fieri
834 869 948 948 posset,
982 870 1018 929 ut
1051 866 1259 946 vocabulum,

186 974 338 1038 Latinum
361 975 438 1039 adeo
462 975 698 1056 depravaretur.

295 1139 445 1222 Ungerus
486 1137 518 1222 (l.
554 1157 579 1201 o.
613 1159 644 1222 p.
681 1134 770 1224 264.)
811 1139 895 1201 hanc
930 1139 1066 1222 elegiam
1102 1139 1247 1204 Ciceroni

188 1247 399 1312 abiudicatam
434 1247 466 1310 C.
495 1246 612 1310 Helvio
650 1246 771 1310 Cinnae
806 1247 959 1311 attribuit.
1007 1248 1116 1332 Ipsius
1150 1248 1248 1312 verba

189 1362 277 1421 sunt:
314 1357 514 1439 ,Recordenti
549 1357 637 1438 mihi,
671 1376 752 1439 quae
776 1357 986 1420 Burmannus
1020 1359 1054 1420 in
1090 1356 1178 1420 Serv.
1214 1359 1248 1420 in

187 1467 254 1532 Ecl.
278 1466 337 1530 IX.
363 1468 391 1530 7.
419 1467 608 1540 ,subducere
632 1467 729 1530 colles
751 1467 919 1548 incipiunt.
967 1445 1093 1530 Cicero':
1120 1486 1162 1530 ex
1186 1467 1248 1529 alto

185 1577 220 1638 in
244 1596 371 1659 campos
396 1575 538 1640 dissolvi*
568 1575 693 1657 scripsit
714 1594 744 1656 p.
772 1577 844 1639 143,
869 1581 933 1639 not.
952 1577 1007 1638 27:
1038 1575 1165 1656 ,frustra
1188 1577 1249 1638 hoc

187 1705 322 1769 quaeras
345 1688 380 1748 in
404 1685 569 1764 Cicerone,
599 1704 674 1747 nam
699 1689 746 1747 est
769 1683 861 1748 Servi
888 1686 1105 1766 interpretatio
1135 1685 1192 1749 τοῦ
1215 1704 1249 1748 se

187 1795 378 1860 subducere.
409 1795 472 1860 Sed
488 1801 525 1858 ut
541 1795 694 1858 doceatur
708 1794 816 1874 lector,
833 1793 917 1854 unde
934 1792 993 1855 hoc
1008 1796 1199 1875 provenerit,
1215 1796 1250 1857 in

187 1905 263 1968 Mss.
299 1910 361 1969 est:
400 1905 580 1969 subducere
616 1901 647 1965 C.
680 1902 704 1964 Ι.
739 1921 781 1964 ex
815 1902 888 1964 alte.
939 1899 992 1987 Ex
1028 1902 1151 1994 duabus
1185 1902 1250 1966 illis

188 2015 302 2076 litteris
333 2013 364 2075 C.
388 2014 425 2096 I.,
454 2013 572 2095 quibus
596 2012 700 2094 ‚colles
723 2009 893 2094 incipiunt‘
918 2009 1135 2094 designantur,
1169 2013 1251 2076 fece-

105 2117 108 2121 ’
189 2127 267 2185 runt
295 2121 426 2202 ‚cicero
463 2127 494 2185 et
529 2123 693 2204 sequentia
726 2120 888 2184 Ciceronis
923 2139 991 2184 esse
1026 2121 1248 2203 putaverunt‘:

190 2231 289 2296 subiit
317 2233 473 2314 suspicari
500 2229 589 2294 Servi
617 2230 728 2310 verbe,
765 2249 846 2312 quae
884 2231 929 2292 sic
957 2230 1083 2312 prodite
1112 2239 1188 2295 sunt
1216 2233 1250 2294 in

189 2343 255 2406 cod.
280 2341 428 2405 Leidensi
452 2340 565 2406 altero:
588 2339 660 2421 ,Cic
683 2341 719 2402 in
743 2339 847 2422 ergia‘,
875 2339 949 2401 olim
974 2339 1034 2401 hoc
1057 2341 1152 2403 modo
1176 2361 1251 2404 con-

188 2454 325 2535 signata:
352 2450 405 2532 ,Ci
428 2452 464 2513 in
488 2449 599 2532 elegia‘
624 2449 821 2512 mentionem
845 2446 975 2528 Cinnae,
998 2466 1074 2509 non·
1088 2447 1251 2512 Ciceronis

187 2561 358 2626 habuisse}
405 2558 476 2622 Meo
506 2559 638 2641 quidem
671 2559 792 2621 iudicio
816 2593 860 2602 -
883 2576 949 2619 non
972 2556 1121 2638 pluribus
1144 2559 1252 2622 verbis

190 2689 270 2750 opus
305 2688 373 2732 esse
407 2673 484 2750 puto
509 2705 550 2714 -
579 2669 635 2731 illa
670 2669 855 2731 coniectura
882 2665 1134 2750 Burmanniana,
1169 2688 1251 2751 quae
1278 2683 1281 2690 ·

190 2797 271 2839 num
301 2782 386 2839 recta
414 2780 453 2838 sit
475 2779 569 2840 valde
593 2777 715 2858 dubito,
745 2777 875 2839 omnino
900 2795 963 2838 non
987 2780 1175 2858 potestatem
1200 2777 1253 2838 dat
1329 2825 1330 2828 η

190 2883 318 2966 legendi
341 2883 396 2945 illo
413 2883 482 2954 loco
506 2905 562 2967 pro
581 2863 860 2966 ,Cicero³,Cinna³.
907 2885 980 2948 Non
1004 2890 1061 2963 est,
1085 2906 1143 2949 cur
1164 2888 1252 2948 testi-

189 2993 297 3056 monio
322 2992 422 3074 Servi,
453 2994 538 3075 apud
569 3013 664 3075 quem
688 2993 818 3074 ,cicero
843 2999 928 3057 certe
952 2995 1153 3058 traditur-
1177 3015 1253 3058 nam

189 3101 283 3184 ,Cic.‘,
304 3103 388 3184 quod
414 3122 501 3165 unus
525 3105 652 3165 tanturn
677 3104 778 3166 codex
805 3103 907 3186 habel,
932 3106 1032 3168 multo
1055 3103 1253 3188 probabilius

188 3210 377 3292 11111111)ἶ
414 3232 512 3294 quem
539 3213 573 3274 in
599 3209 722 3293 ,Cinnal
747 3214 915 3296 suppletur
939 3251 980 3260 -
1006 3213 1101 3277 diffisi
1125 3233 1253 3278 carmen

191 3320 233 3383 ali
257 3322 402 3402 scriptori
423 3324 636 3404 assignemus·

295 3486 490 3571 Exemplum
506 3489 605 3551 huius
622 3507 750 3571 quoque
770 3489 890 3568 elegiae
912 3489 996 3550 inter
1014 3486 1252 3549 Alexandrinos

192 3597 409 3676 quaerendum
444 3599 513 3678 erit,
549 3616 629 3680 quos
662 3599 835 3681 praecipue
858 3599 894 3660 in
917 3598 977 3659 hoc
1006 3597 1112 3680 poesis
1136 3613 1274 3676 genere.

189 3703 362 3768 imitandos
378 3706 438 3769 sibi
461 3709 666 3790 proposuisse
680 3705 842 3770 Romanos
864 3707 941 3770 satis
965 3711 1076 3770 notum
1100 3709 1156 3766 est.
1195 3701 1252 3767 Sin

189 3812 387 3895 adulescens,
411 3820 447 3878 ut
469 3817 549 3878 mihi
570 3817 706 3897 videtur,
728 3814 836 3878 Cicero
854 3834 983 3878 carmen
1007 3814 1193 3894 composuit,
1215 3815 1253 3894 is,

188 3942 254 3985 non
289 3922 392 3986 Varro
426 3923 586 3989 Atacinus
623 3930 678 3988 aut
713 3923 879 4005 Catullus,
913 3925 1058 4007 primuS,
1094 3928 1253 4004 quantum

190 4032 320 4112 quidem
345 4052 537 4117 cognoscere
566 4034 649 4115 licet,
684 4034 817 4118 elegiam
842 4032 881 4094 ad
904 4029 1066 4094 Romanos
1089 4032 1254 4096 transtulit

190 4145 222 4202 et
243 4142 377 4224 virgam,
413 4150 449 4206 ut
482 4145 526 4205 ita
554 4143 667 4224 dicam,
701 4144 735 4204 in
758 4147 843 4203 terra
866 4137 978 4202 Latina
1009 4141 1135 4223 insevit,
1171 4162 1253 4224 quae
