2998 4792
677 351 812 438 ‘rr

259 528 457 592 aestimanda
498 528 562 590 sint
601 545 756 590 conversa
790 526 1018 592 Phaenomena
1058 549 1207 612 apparere
1242 531 1321 594 mihi

261 637 432 719 videtur.*)

367 746 404 809 V.
431 746 470 808 10
495 765 562 828 sqq.
586 780 630 792 —-
651 745 749 808 laudo
772 745 825 808 hic
848 751 880 809 et
902 746 986 808 infra
1009 747 1114 811 maius
1136 748 1217 811 illud
1237 747 1320 831 frag·
1352 817 1356 824 ,

258 861 406 920 mentum
430 855 592 917 —habet
615 852 738 917 Cicero:

420 964 565 1047 ‚Interior
597 964 694 1046 paulo
730 967 779 1026 est
801 964 895 1026 Aries
931 968 962 1026 et
993 963 1112 1028 flamen
1136 964 1175 1026 ad
1209 966 1320 1028 Austri

419 1074 602 1136 inclinatior
625 1076 724 1153 atque
748 1075 842 1136 etiam
867 1073 1088 1138 vehementius
1111 1074 1159 1136 illi

420 1183 537 1264 Pisces,
550 1201 710 1265 quorum
726 1182 827 1245 alter
842 1184 957 1265 paulo
974 1183 1216 1264 praelabitur
1231 1162 1336 1245 bute*

419 1297 450 1354 et
473 1293 575 1374 magis
598 1291 774 1354 horrisonis
798 1291 969 1374 Aquilonis
992 1293 1134 1375 tangitur
1157 1291 1235 1374 alid,
1345 1325 1346 1330 1

258 1420 337 1464 voce
349 1397 683 1488 ,apopeodoreoog‘
694 1399 796 1480 (Aret.
808 1420 836 1462 v.
850 1399 939 1484 240.)
953 1401 1031 1463 falso
1047 1400 1214 1463 intellecta.
1238 1399 1320 1463 Nam
1409 1480 1411 1486 Ι

144 1539 147 1546 =
258 1515 295 1572 ut
319 1516 367 1573 est
388 1529 531 1573 conexus
548 1528 612 1572 non
637 1507 669 1570 id
685 1509 783 1589 sidus,
808 1509 892 1592 quod
909 1511 1010 1592 magis
1031 1510 1322 1597 adseptentriones

260 1623 388 1700 spectat,
413 1618 505 1681 alteri
527 1617 731 1701 praelabitur,
755 1618 809 1681 sed
822 1618 864 1696 id,
890 1618 976 1701 quod
988 1619 1090 1702 magis
1103 1618 1144 1680 ad
1156 1619 1321 1682 meridiem

259 1747 391 1791 versum
424 1731 481 1791 est.
526 1727 641 1809 ltaque
670 1747 737 1790 non
766 1729 985 1812 depositione
1009 1728 1173 1792 stellarum
1197 1749 1324 1815 προφε-

259 1840 406 1924 ρέστερος
427 1837 712 1919 ‘interpretandum
747 1833 813 1920 est',
846 1838 901 1901 sed
935 1838 974 1919 de
996 1839 1118 1900 maiore
1143 1837 1321 1920 splendore,

259 1953 296 2010 ut
328 1949 392 2009 iam
428 1946 612 2008 scholiastes
648 1953 733 2011 recte
768 1947 897 2011 adnotat
933 1948 972 2011 ad
1002 1968 1034 2011 v.
1058 1948 1131 2009 239.
1176 1945 1322 2010 Eandem

258 2058 324 2117 vim
348 2055 445 2117 habet
467 2045 532 2116 vox
558 2059 814 2142 προφερέστερος
837 2078 868 2121 r.
893 2058 967 2122 326.
1285 2051 1286 2054 '

367 2164 645 2248 Graviterpecoat
669 2163 778 2227 Cicero
803 2185 832 2226 v.
857 2165 945 2246 2OC.‚
978 2166 1034 2228 ubi
1058 2166 1150 2229 Arati
1173 2157 1322 2251 ,εὖροιος

259 2272 303 2358 (v.
339 2272 425 2358 434.)
461 2274 567 2337 reddit
598 2292 675 2337 voce
711 2267 894 2354 ,Favoni‘ss
942 2271 1067 2336 Ventus
1104 2275 1190 2336 enim
1226 2293 1321 2354 quem

245 2367 374 2448 ,Graeci
404 2389 521 2447 vocant
552 2382 677 2446 Eurum
709 2382 747 2444 ab
782 2385 856 2444 ortu
880 2381 954 2444 solis
977 2384 1013 2442 ut
1037 2387 1150 2443 notum
1184 2386 1231 2444 est
1259 2382 1323 2457 flat,

259 2493 420 2557 l'avonius
444 2493 477 2576 (i.
502 2511 529 2558 e.
554 2491 731 2574 Zephyrus)
764 2490 802 2555 ab
827 2509 952 2553 occasu.
999 2488 1121 2552 Eodem
1143 2490 1212 2552 loco
1238 2490 1319 2554 duas

258 2620 309 2664 res
343 2602 429 2664 inter
463 2620 496 2664 se
529 2605 713 2682 commutat,
747 2620 821 2663 oum
856 2597 1005 2662 transfert
1037 2598 1082 2680 (r.
1119 2597 1192 2661 203.
1218 2597 1320 2683 sqq.):

325 2714 385 2791 ,sin
409 2728 535 2773 umeros
559 2708 664 2772 medio
687 2712 722 2772 in
745 2709 831 2772 caelo
857 2707 1073 2771 Centaurus
1097 2707 1236 2788 habebit,

324 2821 458 2902 ipseque
482 2820 683 2882 caerulea
707 2823 872 2882 contectus
895 2816 1000 2881 nube
1022 2816 1151 2899 feretur,

325 2935 421 3012 atquo
445 2929 554 2992 Aram
579 2929 689 2992 tenui
708 2929 853 3013 caligans
876 2928 991 2991 vestiet
1014 2927 1162 3008 umbra,

216 3097 218 3100 ,
325 3041 533 3121 asignorum
565 3038 655 3102 obitu
687 3040 736 3101 ris
771 3043 819 3101 est
842 3038 1011 3101 metuenda
1043 3035 1195 3117 Favoni‘3

258 3145 344 3228 apud
371 3148 509 3236 Aratum
542 3153 648 3210 autem
676 3147 821 3211 caerulea
850 3145 954 3210 nubes
982 3146 1091 3222 Aram,
1125 3142 1320 3206 Centaurum

258 3257 364 3320 tenuis
388 3256 489 3338 caligo
514 3257 593 3338 tegit
617 3241 669 3342 (cf.
695 3277 726 3320 v,
751 3258 825 3320 431.
849 3255 944 3337 sqq.).

364 3364 531 3430 Praeterea
564 3369 753 3429 statuendus
776 3369 824 3428 est
858 3382 944 3426 error
978 3383 1008 3426 v,
1034 3362 1106 3426 307.
1132 3381 1200 3444 sqq.
1246 3361 1320 3425 Duo

257 3477 364 3559 priora
387 3474 486 3538 verba
509 3495 621 3539 versus
646 3475 719 3539 307.

365 3585 544 3667 ,culmine
567 3590 794 3648 transverso
818 3584 991 3647 retinentes
1014 3580 1118 3644 sidera
1140 3579 1229 3643 fulta*

259 3691 314 3775 (sc.
338 3694 458 3776 singuli
487 3694 567 3757 caeli
595 3693 699 3776 orbes)
734 3693 813 3776 quid
837 3693 898 3756 sibi
927 3693 1027 3756 velint
1066 3691 1123 3753 vix
1148 3693 1318 3774 quisquam

260 3802 353 3866 dicat.
398 3803 515 3886 Elapsa
539 3823 608 3867 esse
642 3804 794 3866 ridentur
817 3803 939 3865 calamo
965 3801 1135 3878 Ciceronis
1160 3821 1234 3864 cum
1261 3800 1318 3862 ali-

261 3916 380 3990 quanta
413 3932 489 3975 cum
528 3913 722 3996 negligentia
755 3913 899 3976 imitatus
935 3916 982 3975 est
1004 3913 1151 3988 Aratum,
1188 3909 1245 3990 qui
1280 3908 1317 3971 de

259 4019 322 4082 illis
347 4019 477 4084 orbibus
510 4022 586 4085 dicit
610 4024 655 4106 (v.
682 4018 771 4108 534.)

349 4175 375 4244 *l
395 4178 503 4232 Errores
522 4179 589 4245 illos,
609 4180 662 4233 nisi
681 4197 746 4250 erro,
775 4179 884 4234 Grotius
912 4179 940 4232 in
964 4178 1135 4248 syntagmate
1158 4175 1317 4230 Arateorum

261 4266 378 4336 collegit,
399 4271 469 4338 quod
487 4272 642 4339 opusculum
661 4277 692 4328 ut
709 4273 866 4343 inspicerem
884 4271 951 4326 mihi
969 4286 1022 4323 non
1042 4267 1163 4337 contigit.
