2998 4792
704 388 744 450 11

301 564 429 648 ,Nilum‘
459 583 587 648 quoque
616 560 800 630 Ciceronem
828 565 1002 628 verisimile
1026 569 1074 627 est
1097 563 1136 626 ad
1162 561 1258 626 Grae·

195 695 268 740 oum
298 675 459 758 quoddam
488 675 683 757 exemplum,
702 675 919 759 composuisse
947 673 1056 756 idque,
1086 672 1258 736 attitulas

171 779 364 850 'ostendere
402 783 540 856 ridetur,
576 783 841 848 Alexandrinum.
896 782 1043 846 Ceterum
1077 783 1162 844 idem
1191 784 1259 844 erat

194 896 320 958 titulus
341 893 490 956 carminis
513 893 691 978 cuiusdam,
723 894 808 976 quod
832 895 917 956 circa
939 891 1037 958 finem
1062 891 1167 974 quarti
1191 909 1259 954 sae-

196 1005 261 1068 culi
296 1024 326 1086 p.
362 1002 431 1065 Chr.
468 999 664 1065 Claudianus
699 1003 842 1066 condidit
877 1001 987 1087 (Gesn.
1013 1002 1063 1063 47.
1100 1029 1136 1056 =
1168 999 1258 1082 Jeep.
1377 1008 1379 1012 “

110 1180 112 1183 ,
198 1113 339 1175 carmina
361 1113 492 1174 minora.
518 1107 592 1190 27.)ss

305 1221 344 1282 In
375 1219 591 1283 adulescentia
619 1218 728 1284 Cicero
745 1223 834 1285 Arati
865 1239 994 1304 quoque
1018 1221 1161 1283 carmina
1184 1238 1259 1282 con·
1304 1235 1390 1274 Aratea.

198 1331 304 1412 vertit,
333 1349 414 1414 quae
442 1331 526 1393 inter
558 1331 727 1412 notissima
767 1331 1084 1414 divolgatissimaque
1115 1285 1390 1433 Alexan-Prffn'ssiilfl'

199 1439 361 1502 drinorunr
386 1439 587 1503 numeranda
610 1445 693 1503 sunt,
741 1438 844 1515 Quam
869 1441 1011 1503 studiose
1034 1439 1173 1502 lectitata
1196 1439 1261 1501 sint
1297 1389 1424 1443 mm)

198 1553 228 1612 et
250 1569 268 1612 a
293 1548 422 1612 Graecis
446 1553 476 1610 at
499 1547 694 1630 aRomanis‚
711 1549 803 1613 docet
820 1569 956 1633 magnus
973 1567 1130 1612 numerus
1148 1567 1260 1611 eorum

198 1659 254 1740 qui
267 1663 322 1722 aut
336 1659 581 1723 commentarios
594 1659 634 1721 ad
651 1659 707 1721 illa
719 1660 861 1722 carmina
881 1662 1129 1740 composuerunt
1147 1662 1202 1720 aut
1218 1676 1255 1720 ea

196 1768 229 1830 in
242 1765 392 1830 Latinum
409 1768 640 1831 transtulerunt
655 1769 708 1831 rel
723 1767 858 1830 liberius
870 1767 984 1828 imitati
1001 1769 1084 1829 sunt.
1123 1766 1261 1847 Primus

198 1877 285 1959 quod
321 1877 451 1958 quidem
483 1880 595 1940 notum
629 1877 678 1955 sit,
713 1876 870 1939 convertit
901 1874 1021 1957 Cicero,
1051 1876 1153 1939 secuti
1185 1879 1262 1938 sunt

198 1985 430 2069 posterioribus
454 1984 654 2068 temporibus
679 1983 889 2048 Germanicus
913 1984 1029 2049 Caesar
1051 1990 1082 2048 et
1102 1985 1259 2047 Avienus:

199 2099 361 2178 praeterea
383 2081 485 2158 Varro
508 2096 667 2158 Atacinus
686 2098 717 2157 et
731 2093 894 2176 Vergilius
918 2099 949 2158 et
973 2092 1109 2158 Ovidius
1133 2095 1261 2177 saepius

201 2204 240 2267 ad
265 2205 401 2266 Aratum
424 2205 600 2268 recurrisse
624 2203 782 2268 videntur.
835 2203 951 2268 Avieni
979 2208 1010 2267 et
1037 2205 1261 2268 Phaenomena

200 2318 231 2377 et
254 2313 462 2396 Prognostica
487 2317 552 2376 tota
576 2317 714 2393 exstant,
739 2311 921 2376 Germanici
941 2313 1167 2376 Phaenomena
1187 2318 1271 2392 totap

201 2422 363 2486 Ciceronis
397 2423 533 2486 duorum
568 2423 747 2485 carminum
781 2422 869 2484 haud
892 2423 937 2484 ita
960 2441 1063 2504 pauca
1085 2421 1262 2504 fragmenta

200 2534 335 2609 minora,
366 2552 502 2616 quorum
527 2533 666 2615 plurima
690 2530 776 2614 apud
800 2549 874 2594 eum
898 2532 1015 2614 ipsum,
1044 2532 1203 2614 imprimis
1226 2534 1262 2595 in

200 2640 290 2703 libris
325 2642 364 2703 de
395 2646 511 2705 natura
540 2629 673 2705 deorum
706 2645 738 2704 et
772 2640 811 2704 de
847 2641 1054 2722 divinatione,
1100 2645 1131 2704 et
1176 2642 1262 2724 apud
1340 2643 1342 2646 ’

202 2751 433 2830 grammaticos,
467 2752 634 2833 praecipue
664 2751 873 2831 Priscianum,
907 2753 1033 2814 servata
1057 2755 1147 2832 sunt3
1171 2771 1262 2834 prae-

202 2860 288 2919 terea
310 2857 345 2918 in
369 2857 588 2939 compluribus
613 2859 777 2922 codicibus
801 2860 902 2922 maior
920 2861 1005 2922 inter
1030 2877 1064 2922 se
1088 2860 1261 2924 cohaerens

199 2985 273 3048 pars
306 2967 382 3030 480.
417 2985 528 3029 versus
562 2966 728 3049 complexa
772 2967 917 3049 traditur,
963 2987 1045 3050 quae
1091 2970 1263 3052 respondet

201 3075 290 3138 Arati
325 3075 559 3139 Phaenomenis
594 3096 625 3139 v.
651 3076 834 3138 230-700.
892 3075 995 3139 Multa
1030 3095 1106 3141 curn
1134 3085 1200 3143 arte
1225 3099 1262 3144 ea

162 3261 164 3266 ι
202 3203 282 3266 quae
312 3184 427 3249 desunt
459 3186 658 3268 supplevisse
681 3191 875 3268 carmenque
898 3186 983 3248 inter
1010 3204 1043 3248 se
1071 3191 1261 3253 continuum

199 3292 347 3358 refecisse
379 3294 418 3357 H.
453 3293 599 3358 Grotium
634 3300 746 3358 notum
780 3299 827 3359 est
859 3295 894 3356 in
918 3299 1126 3377 ,syntagmate
1149 3301 1262 3362 Arate-

201 3403 304 3466 orum‘
337 3404 455 3488 (Lugd.
480 3404 548 3468 Bat.
577 3402 697 3488 mou),
726 3405 810 3487 quod
835 3409 903 3468 erat
926 3406 997 3468 eius
1020 3408 1160 3488 primum
1185 3429 1262 3492 opu-

201 3514 327 3576 sculum
350 3515 589 3598 philologicum.
636 3513 750 3596 Neque
766 3513 1024 3596 praetermittam,
1042 3517 1126 3596 quod
1143 3517 1263 3600 Lupus

201 3621 299 3684 abbas
331 3622 544 3688 Ferrariensis
579 3622 677 3708 (Lupi
701 3643 796 3706 opera
820 3622 869 3686 ed.
897 3622 939 3686 st.
963 3622 1076 3689 Baluz.
1105 3626 1260 3707 Antverp.

203 3731 296 3793 1710.
321 3733 411 3814 epist.
438 3733 487 3798 69.
513 3755 543 3817 p.
570 3732 655 3816 112.)
690 3732 863 3814 Ansbaldo,
890 3733 1046 3796 monacho
1068 3733 1261 3814 Prumiensi,

202 3839 327 3906 scribit:
351 3845 396 3922 ,tu
428 3848 538 3906 autem
568 3844 645 3906 huic
668 3847 776 3905 nostro
801 3843 925 3906 cursori
947 3840 1088 3903 Tullium
1111 3843 1146 3904 in
1162 3845 1262 3906 Arato
1350 3869 1353 3878 ·

200 3950 297 4038 trade,
333 3955 370 4014 ut
403 3969 445 4014 ex
480 3969 526 4032 eo,
562 3971 656 4034 quem
689 3971 741 4015 me
772 3953 1018 4034 impetraturum
1043 3952 1145 4033 credo,
1181 3971 1262 4034 quae

201 4059 311 4123 deesse
334 4060 382 4122 illi
405 4059 492 4143 Eigil
516 4067 624 4124 noster·
647 4063 779 4145 aperuit!
804 4057 1033 4142 suppleantur,‘
1058 4079 1141 4143 quae
1165 4061 1263 4124 verba

201 4167 262 4229 iam
287 4167 456 4234 Fabricius
480 4167 569 4253 (bibl.
593 4169 661 4236 Lat.
686 4171 710 4233 Ι.
735 4170 788 4234 lib.
815 4168 840 4231 Ι.
864 4187 888 4231 c.
914 4169 955 4250 8.)
979 4174 1096 4236 monet.
1142 4169 1264 4234 Verisi-
