2998 4792
688 341 856 428 53Ι

177 519 224 582 sic
246 517 489 601 loquantur...
504 515 528 582 .‘
574 515 652 581 illos
676 536 789 582 versus
814 521 930 599 autem,
953 521 989 582 nt
1013 516 1135 582 Gellius
1154 522 1240 582 recte
1283 557 1286 564 ·

175 632 295 709 monet,
318 646 385 690 non
407 628 503 707 Aiax,
537 627 593 690 scd
624 625 745 691 Hector
775 627 1049 711 loquitur'neque
1071 632 1142 690 tum
1166 646 1239 693 oum
1290 683 1292 688 .

176 736 216 800 ad
240 735 492 821 depugnandum
511 755 585 799 cnm
595 736 695 800 Aiace
711 737 926 820 congreditur,
942 737 998 800 sed
1014 757 1088 800 cum
1102 737 1240 802 Graecos

177 846 333 927 hortatur,
356 850 393 909 ut
417 845 575 928 quendam
600 846 642 909 ad
665 846 916 930 depugnandum
939 846 1000 911 sibi
1025 851 1238 930 opponerent:

177 974 285 1038 neque
309 955 348 1018 dc
370 956 489 1036 AiaoiS,
522 954 580 1018 sed
615 955 653 1020 de
688 957 759 1019 eius
791 956 916 1020 tumulo
950 957 1065 1038 agitur,
1100 975 1241 1038 quocum

177 1063 299 1129 Hector
321 1068 554 1148 congressurus
579 1068 640 1128 cst:
665 1065 798 1129 Aiacem
823 1085 898 1130 eum
921 1085 1000 1148 osse,
1022 1071 1094 1148 post
1110 1065 1239 1130 demum

177 1179 263 1244 sorte
297 1173 487 1239 decernitur.
538 1173 692 1238 Similiter
716 1173 825 1240 Cicero
855 1175 980 1240 duobus
1008 1174 1081 1238 aliis
1109 1178 1151 1238 ex
1172 1174 1240 1238 Ho-

176 1303 264 1346 mero
293 1285 427 1366 sumptis
454 1284 534 1348 locis
562 1290 647 1348 errat
670 1285 709 1349 de
731 1304 870 1368 persona
901 1286 1066 1369 loquente.
1116 1284 1239 1350 Versus

177 1394 260 1456 enim
286 1393 323 1456 de
347 1394 409 1456 dir.
441 1393 482 1459 11.
508 1394 559 1458 30.
588 1396 639 1459 63.
676 1394 788 1459 allatos
823 1394 879 1478 (=
908 1391 1238 1480 11.H.299-330.)

176 1521 241 1564 non
263 1504 498 1587 'Agamemnon
520 1504 576 1567 sed
600 1504 724 1584 Ulixes
748 1510 780 1569 et
802 1523 932 1568 versum
954 1504 1032 1570 ibid.
1055 1503 1097 1567 11.
1115 1505 1165 1568 39.
1185 1504 1236 1567 82.

176 1609 231 1697 (τε
255 1611 296 1676 11.
319 1612 377 1678 IX.
406 1613 491 1694 236.)
525 1613 664 1698 positum
699 1634 764 1677 non
799 1614 895 1696 Aiax,
930 1613 987 1676 sed
1013 1613 1099 1677 idem
1122 1613 1239 1678 Ulixes

175 1722 261 1804 apud
289 1721 466 1786 Homerum
490 1722 574 1786 dicit.
599 1759 642 1770 —-

177 1940 179 1948 t
282 1893 355 1956 Non
390 1897 652 1979 praetermittam,
688 1895 841 1978 quosdam
878 1915 991 1959 versus
1021 1913 1063 1958 ex
1087 1893 1238 1959 Cleanthe
1332 1949 1335 1954 .

177 2002 277 2065 stoico
303 2002 423 2067 Graeco
449 2023 629 2086 conversos,
655 2006 711 2088 qui
734 2006 820 2090 apud
844 2004 998 2068 Senecam
1022 2023 1071 2088 ep.
1091 2003 1165 2067 101.
1188 2004 1237 2065 in-

175 2113 592 2192 veniuntur,al3urmanno
617 2113 716 2200 (anth.
741 2114 806 2178 Lat.
830 2120 907 2178 tom.
930 2113 959 2178 Ι.
981 2135 1011 2197 p.
1038 2112 1111 2178 605.
1135 2115 1155 2176 l.
1179 2112 1237 2176 ΠΙ.

175 2241 223 2304 ep.
262 2223 345 2304 157.)
379 2222 526 2288 Ciceroni
559 2225 697 2288 attribui.
756 2225 877 2288 Seneca
905 2225 990 2286 enim
1018 2223 1038 2285 l.
1062 2243 1087 2286 c.
1111 2223 1235 2286 scribit:

174 2336 214 2412 ,et
237 2334 284 2395 sic
307 2333 520 2416 adloquamur
542 2334 665 2410 Iovem,
696 2335 787 2396 cuius
810 2333 1030 2417 gubernaculo
1054 2332 1154 2394 moles
1177 2333 1238 2394 ista

173 2441 330 2525 dirigitur,
354 2443 626 2526 quemadmodum
639 2443 809 2508 Cleanthes
833 2446 942 2506 noster
967 2441 1114 2504 versibus
1138 2432 1238 2504 diser-

173 2552 305 2614 tissimis
341 2552 536 2636 adloquitur,
570 2573 653 2637 quos
687 2554 767 2616 mihi
802 2553 836 2614 in
875 2557 1022 2614 nostrum
1056 2569 1236 2614 sermonem

174 2666 299 2722 mutare
320 2662 515 2742 permittitur
539 2661 711 2744 ciceronio,
742 2662 943 2726 disertissimi
975 2661 1045 2742 uiri,
1079 2661 1236 2744 exemplo.

176 2767 210 2831 Si
232 2769 421 2851 placuerint,
444 2768 521 2833 boni
545 2771 705 2836 consules.
753 2771 787 2835 Si
818 2771 1047 2853 displicuerint,
1080 2771 1161 2833 scies
1185 2788 1237 2832 me

173 2879 207 2942 in
230 2879 291 2941 hoc
315 2883 461 2942 secutum
481 2879 643 2943 Ciceronis
668 2880 862 2965 exemplum.

285 3004 366 3088 ,Duc
389 3028 440 3073 me
462 3029 578 3092 parcns
602 3010 745 3095 celsique
768 3011 948 3074 dominator
969 3009 1044 3092 poli,

173 3179 175 3188 ,
286 3136 492 3201 quocumque
514 3121 643 3203 placuit,
665 3121 753 3184 nulla
775 3121 910 3205 parendi
934 3139 1023 3183 mora
1046 3123 1102 3182 est,

284 3225 411 3291 Adsum
434 3231 581 3315 impiger.
627 3231 691 3294 Fac
707 3232 792 3296 nolle
808 3230 985 3294 comitabor
1000 3248 1134 3312 gemens

284 3337 456 3422 malusque
479 3334 591 3424 patiar,
615 3339 720 3404 facere
745 3341 831 3424 quod
854 3341 947 3404 licuit
970 3340 1067 3402 bono:

284 3447 407 3512 ducunt
430 3450 593 3514 volentem
616 3449 692 3532 fata,
714 3451 877 3514 nolentem
901 3447 1051 3514 trahunt}
1104 3463 1111 3478 ·

174 3570 312 3653 (Versus
328 3575 487 3644 Cleanthis
509 3583 612 3664 ipsius
636 3583 753 3645 servati
777 3587 855 3646 sunt
878 3581 917 3644 ab
942 3581 1082 3646 Arriano
1105 3579 1139 3640 in
1159 3575 1235 3659 Epi-

173 3684 248 3745 ctati
277 3686 452 3751 enchiridio
482 3709 508 3752 c.
535 3692 610 3773 53.)
664 3691 720 3755 Sin
745 3697 852 3757 autem
883 3691 939 3756 illa
973 3690 1112 3753 Senecae
1136 3685 1234 3750 verba

171 3793 267 3876 paulo
291 3797 471 3860 accuratius
494 3800 652 3882 inspicies,
669 3802 840 3886 apparebit,
856 3819 971 3864 versus
984 3818 1049 3862 non
1063 3796 1234 3878 Ciceronis,

172 3908 209 3966 ut
232 3903 443 3970 Burmannus
467 3907 544 3990 vult,
567 3909 623 3972 scd
647 3909 786 3977 Senecae
808 3913 911 3994 ipsius
928 3927 1008 3974 esse.
1054 3906 1234 3970 Id'tantum

174 4029 215 4074 ex
237 4013 292 4078 illo
320 4016 391 4080 loco
418 4022 513 4099 patet,
549 4017 734 4086 Ciceronem
770 4027 801 4085 et
832 4022 939 4102 ipsum
968 4017 1041 4080 illos
1070 4015 1234 4082 Cleanthis

172 4138 283 4188 versus
306 4128 416 4190 nescio
441 4146 504 4210 quo
527 4126 598 4191 loco
621 4127 733 4194 Latine
758 4130 962 4214 expressisse.
