2998 4792
707 367 748 429 33

199 565 313 610 versus
349 541 541 629 attulerat.*)
600 541 744 608 Ceterum
781 545 810 606 ei
842 543 1008 608 hocloco
1043 548 1117 606 ante
1153 543 1263 607 oculos

200 662 327 719 versata
351 673 420 718 esse
444 654 522 716 mihi
545 653 698 716 videntur
719 653 776 716 illa
800 672 841 716 ex
864 654 983 716 invect.
1000 652 1127 716 Sallust.
1150 654 1183 714 in
1199 651 1263 718 Cic.

199 764 272 848 (IV.
299 765 356 846 7.),
379 781 463 846 quac
476 782 573 845 supra
588 763 690 844 posita
702 765 792 825 sunt:
818 769 894 826 nam
916 782 980 825 non
1005 763 1109 827 solum
1132 763 1262 825 eaedem

198 894 261 950 ras
286 874 460 961 sedetiam
483 891 584 955 paene
607 873 717 935 eadem
743 871 840 934 verba
868 877 1050 937 occurrunt.
1097 870 1263 936 Declama-

200 985 319 1045 tionem
354 986 462 1045 autem
495 982 583 1044 illam
617 1001 636 1045 a
666 979 868 1055 Quintiliano
898 981 1039 1046 habitam
1065 999 1135 1044 esso
1159 979 1261 1045 Sallu·

201 1093 338 1155 stianam
363 1096 490 1174 apparet
513 1110 555 1154 ex
578 1093 652 1154 inst.
678 1094 755 1152 orat.
772 1088 832 1153 IV.
860 1091 887 1154 1.
911 1090 967 1170 683
992 1089 1051 1154 IX.
1078 1092 1108 1153 3.
1134 1089 1186 1154 89.

306 1199 451 1264 Secundo
473 1201 507 1262 in
532 1200 613 1264 libro
638 1199 760 1263 Urania
792 1198 887 1262 Musa
923 1198 976 1284 (cf.
1005 1201 1044 1263 da
1073 1200 1135 1263 dir.
1158 1200 1185 1263 l.
1212 1201 1260 1263 11.

200 1310 339 1374 17-13.
363 1311 417 1389 223
442 1310 518 1374 ibid.
543 1311 585 1372 ΙΙ.
611 1311 663 1374 20.
689 1310 747 1393 45;
780 1307 923 1373 Lactant
953 1310 1054 1372 instit.
1078 1310 1177 1374 divin.
1199 1311 1261 1373 ΠΙ.

201 1419 252 1482 17.
282 1420 332 1483 12.
362 1419 445 1502 sqq.)
481 1420 625 1502 longiore
660 1421 812 1494 oratione,
848 1437 930 1500 quae
964 1421 1136 1501 praecipue
1168 1420 1261 1482 initio

198 1528 325 1592 condita
348 1535 417 1592 erat
440 1528 662 1612 philosophica
685 1530 852 1612 sapientia,
877 1525 1060 1590 Ciceronem
1085 1528 1262 1612 admonuit,

195 1637 351 1721 prodigia,
395 1656 479 1719 quae
519 1639 702 1702 atrocitates
742 1661 769 1704 a.
807 1639 861 1700 63.
895 1637 1021 1699 futuras
1055 1638 1260 1721 indicassent,

195 1748 320 1811 exitum
344 1746 508 1811 habuisse.
555 1746 657 1829 Falso,
681 1751 716 1810 ut
736 1765 778 1808 ex
797 1745 876 1826 ipsis
893 1745 1042 1809 versibus
1058 1751 1152 1828 patet,
1177 1747 1260 1811 arbi-

196 1861 301 1920 tratur
329 1855 499 1920 Housdius
528 1857 559 1935 (l.
584 1876 609 1920 c.
635 1876 665 1938 p.
698 1857 749 1919 54.
774 1851 847 1939 sq.),
884 1854 1039 1918 Uraniam
1072 1855 1260 1938 explicasse,

198 1963 317 2045 quibus
340 1966 497 2048 prodigiis
521 1983 573 2028 res
595 1965 725 2029 futurae
745 1966 980 2046 nuntiarentur,
1006 1984 1071 2029 non
1091 1984 1143 2030 res
1159 1965 1261 2030 factae

196 2073 363 2135 nuntiatae
386 2078 500 2136 essent.

166 2200 173 2216 ¹
302 2181 344 2243 In
367 2184 460 2246 tertio
483 2182 565 2246 libro
592 2181 703 2268 ibique
730 2186 764 2248 in
794 2183 894 2264 exitu,
930 2188 968 2247 ut
1002 2184 1177 2248 verisimile
1211 2191 1260 2250 est

195 2286 247 2376 (of.
272 2311 370 2374 supra
405 2313 434 2375 p.
460 2291 531 2372 31.),
567 2290 707 2376 Calliope
742 2291 928 2356 Ciceronem
962 2294 1085 2357 hortata
1120 2299 1168 2358 est
1202 2295 1258 2376 (cf.

193 2399 240 2465 ad.
267 2403 333 2466 Att.
358 2400 402 2465 ΙΙ.
428 2403 455 2464 3.
480 2403 533 2483 8.),
561 2406 596 2464 ut
629 2402 742 2465 eadem
764 2405 826 2481 via,
856 2421 953 2483 quam
984 2403 1048 2464 iam
1083 2402 1123 2465 ab
1151 2403 1259 2466 adule-

191 2512 314 2574 scentia
336 2513 450 2575 initam
472 2514 507 2574 in
524 2512 695 2574 consulatu
710 2529 884 2593 progessus
903 2515 995 2594 esset,
1011 2515 1114 2575 cetera
1130 2507 1260 2597 quoque

194 2623 295 2680 aetate
317 2638 422 2700 usque
446 2619 487 2681 ad
510 2621 594 2683 vitae
616 2619 715 2684 finem
737 2625 892 2703 pergeret.

302 2722 365 2799 Qui
387 2726 450 2786 ioci
473 2733 636 2807 praeterea
658 2749 730 2792 mea
765 2731 896 2812 quidem
931 2733 1088 2794 sententia
1123 2733 1163 2795 ad
1197 2733 1258 2797 hoo

195 2851 322 2896 muman
355 2837 508 2915 spectent,
536 2854 610 2897 cum
638 2837 701 2898 viri
729 2837 814 2900 docti
841 2839 880 2902 de
907 2841 1082 2922 nonnullis,
1110 2861 1175 2923 quo
1209 2861 1258 2906 re·

197 2943 331 3005 vocandi
367 2944 445 3026 sint,
477 2946 563 3007 inter
603 2963 637 3008 se
677 2944 855 3027 discedant,
893 2946 1033 3010 breviter
1071 2968 1258 3015 enumerare

193 3053 271 3114 mihi
295 3053 397 3117 liceat.

298 3165 381 3230 Non.
395 3186 425 3247 p.
451 3165 524 3226 202.
549 3163 601 3226 22.
628 3161 775 3245 ,census‘,
793 3166 921 3248 generis
945 3166 1124 3251 masculini,
1147 3171 1255 3233 neutri

191 3275 301 3340 (licere
320 3278 355 3339 in
374 3274 547 3339 consulatu
570 3291 645 3336 suo:

234 3405 383 3468 ,quorum
407 3384 555 3447 luxuries
575 3382 822 3467 †fortunata**)
847 3403 943 3448 censa
964 3385 1109 3470 peperit*

294 3493 378 3558 Non.
397 3515 425 3578 p.
450 3495 524 3558 204.
551 3496 579 3556 8.
626 3493 726 3575 ,Idem
749 3495 937 3558 consulatus
960 3497 1012 3558 sui
1038 3495 1092 3560 lib.
1120 3495 1162 3560 Π.

238 3605 342 3685 ,atque
365 3607 472 3668 animo
495 3604 640 3687 pendens
663 3603 688 3687 †
710 3609 808 3666 noctu
824 3601 893 3687 ***)
918 3610 1033 3669 eventa
1055 3605 1207 3669 timebat}

297 3799 323 3868 *)
340 3798 412 3853 idom
430 3800 640 3867 respondendum
670 3802 710 3854 cst
728 3800 893 3868 Spaldingio,
913 3800 958 3868 qui
977 3799 1028 3868 (cd.
1050 3798 1161 3865 Quintil.
1181 3803 1250 3858 adl.

190 3892 222 3955 cl
241 3892 362 3957 miratur,
392 3905 438 3945 cur
460 3889 647 3960 Quintilianus,
665 3895 808 3961 postquam
835 3891 910 3945 brevi
940 3893 1003 3945 anta
1022 3891 1089 3944 duos
1107 3905 1200 3946 versus
1218 3893 1253 3946 ad

189 3985 298 4039 uerbum
315 3982 444 4053 posuerit,
464 3982 553 4036 subito
572 3999 652 4052 prosa.
669 3999 792 4037 versuum
811 3983 1000 4052 argumentum
1018 3982 1120 4038 reddat.

277 4075 320 4143 **)
340 4075 544 4142 Quicharatiua:
565 4076 705 4141 ,fortunam
725 4078 752 4128 et
770 4091 850 4130 censa
868 4075 989 4143 peredit!

259 4165 320 4236 ***)
338 4167 446 4222 lunius:
467 4169 623 4236 ,nocturna‘.

1037 4271 1054 4322 3
