2998 4792
722 351 762 412 39

210 531 349 615 quitum
364 531 482 593 eratin
500 527 674 608 Britannia,
697 527 814 610 legisse
834 544 871 588 ac
890 521 1112 606 comprobasse
1136 521 1273 604 videtur,

180 711 182 716 ,
210 640 249 705 01.
273 641 314 703 ad
338 638 373 714 Q.
397 639 433 702 fr.
458 637 502 701 Π.
532 639 582 702 15.
612 639 640 698 2.
668 635 708 720 (0.
734 633 800 720 54.)
830 633 991 717 ,quoniam
1021 632 1134 696 scribis
1161 651 1274 715 poema

210 749 250 813 ab
275 768 312 812 eo
337 750 393 830 (sc.
412 746 559 830 Caesare)
584 751 731 810 nostrum
749 743 896 828 probari‘,
920 743 959 805 ad
981 740 1017 816 Q.
1040 741 1078 804 fr.
1101 741 1145 806 ΙΙ.
1172 741 1220 804 16.
1246 742 1273 802 5.

209 863 250 940 (a.
277 859 344 940 54.)
375 858 440 940 ,sed
464 857 543 920 heus
566 861 611 938 tu,
640 854 738 918 celari
760 853 871 916 videor
894 873 912 915 a
934 857 973 915 te.
1020 849 1274 930 Quomodonam,

210 970 256 1032 mi
290 968 408 1050 frater,
443 966 481 1030 de
516 968 634 1030 nostris
668 963 818 1026 versibus
853 961 989 1026 Caesar?
1023 981 1099 1023 nam
1134 962 1275 1043 primum

210 1077 329 1141 librum
354 1077 524 1160 selegisse
552 1075 680 1158 scripsit
708 1072 747 1136 ad
777 1092 828 1136 mo
855 1072 951 1136 0010.ε
998 1069 1208 1133 Drumannus
1237 1067 1274 1154 (l.

211 1207 237 1254 o.
264 1185 507 1269 v.11.p.335;
543 1206 575 1249 v,
599 1183 657 1246 ΠΙ.
681 1203 709 1265 p.
735 1181 823 1266 322.)
859 1185 963 1264 negat,
997 1180 1057 1242 hoc
1089 1180 1159 1242 loco
1193 1179 1275 1241 illud

212 1315 339 1360 carmen
355 1353 358 1362 ,
372 1294 620 1378 intelligendum
656 1311 734 1372 esse,
767 1292 853 1375 quod
877 1290 1007 1353 Caesari
1034 1290 1169 1351 minime
1192 1289 1276 1351 inter

213 1421 323 1465 omnes
339 1404 463 1478 mittere
484 1421 626 1466 ausurus
641 1401 763 1480 fuisset,
786 1400 841 1464 sed
863 1400 952 1462 aliud
968 1398 1128 1480 quoddam
1150 1416 1273 1480 poema.

213 1509 274 1574 Sed
295 1516 520 1596 praeterquam
546 1511 632 1594 quod
656 1509 765 1573 Cicero
793 1512 829 1572 10
864 1509 1005 1572 carmine
1039 1508 1094 1570 1110
1117 1508 1274 1586 inimicos,

209 1625 246 1682 01
260 1621 329 1703 1000
345 1625 483 1685 testatur
501 1619 554 1707 (cf.
572 1621 611 1684 ad
626 1620 699 1682 fam.
723 1619 746 1682 Ι.
772 1621 802 1684 9.
827 1617 900 1700 23),
922 1617 1083 1680 moderate
1106 1621 1137 1680 et
1159 1618 1275 1680 leniter

201 1732 366 1814 tractavit,
390 1750 466 1794 eum
489 1732 522 1793 in
547 1729 714 1793 Caesarem
741 1730 911 1790 invectum
946 1745 1015 1790 esse
1039 1725 1185 1788 arbitrari
1208 1745 1274 1789 non

208 1857 340 1903 necesse
375 1845 433 1904 est.
479 1838 554 1902 Jam
588 1838 712 1902 reditus
737 1857 778 1900 ex
811 1836 925 1899 exsilio
950 1855 977 1898 a.
1005 1835 1054 1899 57,
1080 1834 1275 1917 approbante

212 1945 357 2028 Caesare,
396 1951 456 2013 etsi
491 1953 559 2011 erat
592 1952 704 2010 auctor
735 1946 926 2028 praecipuus
959 1944 1142 2028 Pompeius,
1173 1944 1276 2008 factus

214 2060 281 2117 erat
313 2052 366 2140 (cf.
404 2058 442 2121 de
476 2059 619 2140 provinc.
656 2056 779 2120 consul.
816 2056 865 2117 18.
889 2055 946 2129 433
970 2055 1004 2116 in
1029 2052 1094 2118 Pis.
1120 2055 1172 2117 32.
1197 2053 1275 2138 80.).

213 2161 375 2246 Discidiis,
400 2186 482 2248 quae
503 2173 577 2250 post
599 2167 738 2230 reditum
769 2185 790 2234 ,a
826 2163 977 2228 Cicerone
1012 2164 1153 2246 profecta
1176 2171 1276 2246 erant,

213 2292 232 2334 a
256 2273 309 2337 56.
334 2278 516 2358 compositis
542 2296 667 2340 summa
690 2275 891 2338 familiaritas
914 2271 1159 2355 insequentibus
1183 2274 1276 2335 annis

208 2382 293 2445 inter
316 2384 399 2447 duos
421 2386 647 2450 intercedebat.
672 2384 760 2460 Quae
777 2403 852 2447 cum
867 2385 912 2445 ita
927 2383 1001 2462 sint,
1022 2401 1087 2443 000
1105 2383 1276 2445 verisimile

210 2496 258 2555 est
281 2513 308 2555 a.
333 2494 384 2558 55.
411 2493 597 2558 Ciceronem
622 2496 736 2557 101110
767 2493 909 2556 carmine
934 2492 1112 2554 calumnias
1141 2491 1176 2552 in
1200 2489 1276 2554 Cae-

211 2619 317 2663 sarem
339 2607 548 2686 congessisse,
571 2624 678 2688 neque
702 2604 881 2687 quidquam
906 2600 1018 2681 obstat,
1043 2601 1120 2683 quin
1145 2619 1275 2663 carmen

213 2707 252 2769 ad
288 2727 363 2771 eum
400 2714 530 2776 miserit.
576 2713 780 2796 Quamquam
814 2710 968 2774 confiteor
1000 2712 1053 2773 via
1087 2730 1124 2773 ac
1151 2711 1275 2773 ratione

213 2821 430 2898 argumentari
464 2839 515 2882 me
548 2840 614 2883 non
653 2841 755 2903 posse,
793 2839 904 2883 omnes
941 2819 1016 2882 illos
1055 2820 1156 2900 locos,
1195 2839 1276 2901 quos

213 2928 409 3008 enumeravi,
433 2929 472 2992 ad
496 2929 556 2992 hoc
578 2949 693 3011 poema
716 2949 785 2992 esse
814 2927 1021 3008 revocandos,
1049 2947 1123 2990 cum
1148 2947 1165 2991 0
1188 2932 1277 3010 parte

212 3036 278 3100 sint
312 3040 414 3100 tectae
447 3043 574 3101 tantum
607 3037 867 3120 significationes,
902 3037 955 3100 sed
992 3041 1096 3099 tamen
1133 3037 1168 3098 id
1198 3038 1277 3101 mihi

213 3146 485 3211 verisimillimum
509 3147 839 3230 probabillimumque
864 3165 934 3210 esse
958 3146 1093 3225 videtur,
1119 3147 1205 3229 quod
1229 3152 1276 3211 est

210 3255 495 3339 simplicissimum.
554 3256 588 3320 Si
623 3254 851 3319 Drumannum
887 3258 990 3320 secuti
1022 3256 1114 3319 aliter
1137 3257 1176 3319 de
1211 3257 1276 3320 illis

209 3364 287 3428 locis
322 3366 519 3446 iudicamus,
556 3366 703 3448 cogimur
738 3365 799 3428 alia
834 3368 976 3430 carmina
1011 3365 1204 3448 intelligere,
1237 3366 1277 3430 de

213 3474 330 3554 quibus
353 3476 442 3539 nullo
467 3477 528 3539 alio
552 3477 622 3539 1000
646 3475 865 3539 testimonium
888 3477 1063 3539 invenitur.

317 3581 522 3667 Suringarius
546 3583 611 3668 (,de
634 3583 788 3648 Romanis
804 3583 1071 3667 001010000001110ε
1088 3583 1190 3666 Lugd.
1207 3583 1277 3648 Bat.

214 3689 310 3754 1846.
329 3711 432 3774 progr.
448 3714 558 3775 gymn.
574 3716 604 3776 p.
622 3693 687 3779 27.)
704 3699 794 3777 00101
811 3713 943 3758 carmen
962 3694 1000 3757 de
1017 3693 1226 3775 temporibus,
1249 3694 1277 3756 si

211 3819 369 3882 umquam
394 3819 412 3862 a
433 3800 584 3866 Cicerone
607 3805 641 3866 iu
664 3803 770 3867 lucem
794 3803 916 3867 editum
941 3805 989 3884 sit,
1013 3805 1099 3866 certe
1121 3821 1187 3864 000
1211 3802 1277 3864 vol-

210 3914 322 3993 gatum
347 3927 417 3972 esse
440 3912 503 3973 nisi
526 3916 598 3993 post
621 3917 756 3975 mortem
780 3909 935 3992 Caesaris,
958 3913 979 3974 i.
1003 3930 1030 3973 0.
1056 3931 1082 3973 a.
1106 3912 1169 3993 44,
1202 3930 1277 3975 cum

211 4018 330 4083 librum
355 4020 518 4103 quendam
550 4021 740 4084 anecdotum
764 4021 815 4105 (01.
846 4021 885 4083 ad
909 4021 976 4084 Att.
1001 4019 1043 4081 ΙΙ.
1068 4020 1098 4081 6.
1124 4022 1157 4101 2;
1182 4017 1274 4085 XIV.

214 4126 262 4188 14.
287 4131 320 4214 53
346 4130 397 4194 17.
417 4129 452 4214 63
478 4126 551 4192 XV.
578 4131 606 4190 2.
631 4131 664 4209 2;
690 4132 720 4196 4.
740 4132 773 4209 33
800 4130 850 4192 13.
869 4131 901 4209 33
927 4128 978 4192 27.
1004 4130 1039 4208 2;
1063 4128 1151 4194 XVI.
1176 4131 1204 4192 2.
1230 4130 1276 4212 6.)
