2998 4792
728 342 769 404 35

212 538 288 584 suae
323 519 425 601 spatio
465 522 710 582 monumentum
749 521 951 599 statueretur,
986 518 1055 582 sive
1090 525 1125 582 ut
1160 521 1277 584 amico-

213 629 366 711 numqui
400 626 542 690 reditum
577 627 746 691 effecerant
776 629 891 692 merita
925 627 1169 709 celebrarentur,
1207 630 1274 692 sive

212 744 249 802 ut
282 741 352 821 ipse
387 757 406 799 a
440 735 610 799 calumniis
646 738 854 800 inimicorum
891 743 1091 822 purgaretur,
1129 738 1197 801 sive
1241 741 1277 802 ut

212 847 362 930 splendor
385 844 507 910 reditus
530 845 738 910 aBrundisio
761 846 957 929 perltaliam
981 848 1140 931 usquein
1154 846 1275 911 Urbem

212 956 446 1020 nobilitaretur.
494 953 560 1018 Iam
585 976 614 1020 a.
642 955 694 1020 56.
718 954 896 1019 Lucceium
920 956 1108 1019 historicum
1132 957 1275 1038 longiore

214 1065 350 1148 epistula
374 1064 437 1146 (ad.
463 1064 535 1126 iam.
559 1065 598 1128 V.
626 1061 702 1149 ln),
733 1084 815 1147 quae
843 1069 908 1128 tota
937 1065 976 1128 de
1004 1066 1063 1128 hac
1090 1084 1125 1128 re
1163 1070 1211 1128 est
1246 1070 1276 1128 et

213 1195 310 1257 quam
333 1177 402 1258 ipse
425 1174 464 1236 ad
487 1174 550 1237 Att.
576 1174 632 1236 IV.
658 1174 687 1236 6.
714 1175 744 1236 4.
769 1175 871 1255 ,valde
895 1173 1023 1237 bellam*
1052 1193 1123 1238 esse
1154 1174 1275 1255 scribit,

212 1285 329 1348 blande
353 1283 586 1367 quodammodo
610 1284 697 1364 adiit,
713 1288 750 1347 ut
773 1284 929 1368 singulari
952 1282 1060 1347 libello
1084 1289 1211 1366 tempus
1235 1283 1274 1346 ab

212 1394 302 1456 initio
335 1395 565 1456 coniurationis
601 1392 806 1456 Catilinariae
843 1411 948 1475 usque
983 1393 1023 1455 ad
1057 1393 1198 1456 reditum
1234 1412 1275 1456 ex

212 1503 323 1565 exsilio
346 1502 542 1566 describeret
563 1499 619 1588 (cf.
635 1504 653 1584 ς
672 1505 704 1585 2;
729 1503 809 1584 ξ4.)
832 1504 930 1586 idque
952 1504 1006 1584 ita,
1029 1507 1067 1566 ut
1085 1504 1186 1565 amori
1203 1502 1275 1585 plu-

211 1611 339 1673 sculum
364 1632 461 1694 quam
491 1611 679 1675 concederet
702 1615 820 1676 veritas
843 1612 1013 1695 largiretur
1041 1610 1093 1691 (cf.
1118 1611 1136 1694 ξ
1161 1609 1219 1694 3.),
1241 1611 1274 1673 id

210 1720 296 1802 quod
319 1721 416 1804 plane
442 1723 610 1804 ingenium
663 1723 800 1786 iceronis
829 1720 976 1783 declarat.
1033 1719 1107 1802 Ipse
1143 1719 1273 1801 quidem

209 1829 389 1914 opprobriis
412 1836 640 1914 commotus,q
665 1831 820 1894 caeditis
845 1829 1073 1892 commentario
1098 1827 1219 1891 Graeco
1244 1834 1275 1892 et

210 1943 356 2019 poemate
380 1940 419 2002 de
443 1942 614 2004 consulatu
645 1921 680 2002 in
715 1959 789 2002 eum
825 1938 1074 2016 coniciebantur,
1111 1937 1273 2001 dubitasse

212 2046 339 2110 videtur
363 2048 401 2110 dc
425 2067 459 2112 se
484 2048 636 2112 scribere:
672 2050 829 2111 minorem
853 2067 923 2111 esse
946 2047 1043 2111 fidem
1073 2053 1105 2112 ot
1139 2048 1274 2111 auctori-

211 2159 308 2218 tatem
344 2161 496 2239 expertus
529 2162 597 2222 erat
629 2157 725 2244 (cf.§
762 2159 814 2238 8.).
877 2156 1034 2221 Lucceius
1074 2176 1273 2240 quamquam

210 2265 356 2349 promisit
394 2285 427 2329 se
461 2266 621 2330 voluntati
656 2268 751 2330 amici
785 2267 1018 2330 obsecuturum
1048 2285 1118 2330 esse
1153 2263 1207 2352 (cf.
1234 2266 1273 2328 ad

208 2375 273 2437 Att.
297 2374 354 2439 IV.
381 2375 408 2438 6.
430 2377 462 2456 43
491 2378 520 2440 9.
541 2379 574 2457 2;
602 2378 652 2440 11.
670 2379 720 2459 2.),
743 2382 851 2440 tamen
874 2376 995 2439 librum
1019 2375 1186 2456 scripsisse
1209 2393 1274 2436 non

207 2484 345 2549 videtur.
391 2483 441 2549 Ita
464 2489 572 2551 evenit
596 2492 632 2550 ut
644 2485 766 2567 Oicem,
790 2490 826 2548 ut
848 2487 912 2547 iam
937 2504 964 2546 a.
983 2484 1045 2565 60,
1060 2487 1139 2547 tunc
1161 2502 1274 2546 rursus

210 2594 296 2673 quod
320 2595 372 2656 alii
396 2597 425 2657 ci
448 2603 574 2678 gratum
597 2597 702 2660 facere
718 2594 872 2659 nolebant
893 2594 962 2676 ipse
978 2593 1082 2656 facere
1098 2596 1274 2676 cogeretur,

209 2703 417 2783 narravitque
441 2705 592 2767 exsilium
615 2705 819 2787 reditumque
844 2703 1001 2767 versibus.

316 2809 512 2892 Inscriptum
547 2816 613 2875 erat
641 2832 777 2895 carmen,
813 2813 898 2895 quod
931 2813 1038 2894 ipsum
1076 2829 1204 2894 quoque
1239 2816 1275 2873 ut

209 2918 290 2983 illud
328 2919 366 2983 de
399 2921 568 2984 consulatu
591 2925 655 2984 tres
678 2921 777 2984 libros
801 2920 986 2983 continebat
1009 2920 1061 3000 (cf.
1088 2919 1127 2982 ad
1150 2919 1224 2983 fam.
1249 2919 1273 2982 Ι.

211 3028 237 3090 9.
263 3029 337 3110 231,
373 3029 421 3110 ,de
445 3031 642 3114 temporibus
666 3030 756 3094 111111ε
789 3029 842 3092 vel
876 3028 1023 3092 similiter
1043 3026 1110 3113 (cf.
1135 3029 1176 3091 ad
1198 3030 1274 3092 fam.

208 3137 233 3202 I.
261 3139 289 3202 9.
316 3140 388 3219 23.).
434 3139 589 3224 Tempora
611 3141 663 3203 hic
685 3139 893 3223 intelligenda
916 3143 992 3201 sunt
1014 3143 1157 3223 tempora
1179 3141 1273 3204 mise-

206 3249 327 3311 riarum
352 3249 644 3334 calamitatumque,
676 3251 697 3315 i.
722 3269 749 3314 e.
773 3249 924 3312 exsilium
949 3244 1177 3334 (reditusque).
1223 3247 1273 3312 Si-

207 3359 326 3422 militer
348 3360 452 3443 posita
481 3365 530 3422 est
557 3378 623 3422 vox
646 3380 664 3422 a
688 3358 839 3423 Cicerone
861 3378 918 3442 pro
943 3356 1024 3421 Sest.
1050 3359 1102 3423 58.
1129 3359 1207 3436 1233
1233 3359 1274 3421 ad

207 3465 280 3528 iam.
303 3467 329 3530 Ι.
354 3468 382 3533 6.
410 3470 438 3531 2.
492 3467 598 3532 Facile
633 3473 741 3532 autem
773 3468 939 3532 intellectu
964 3472 1020 3549 est,
1043 3467 1115 3529 lene
1138 3466 1220 3529 illud
1244 3471 1275 3530 et

209 3585 342 3655 parcum
363 3595 481 3640 nomen
500 3577 643 3666 Ciceroni
666 3579 770 3662 magis
794 3579 952 3661 placuisse
977 3597 1073 3659 quarn
1098 3577 1204 3641 exsilii
1221 3577 1273 3640 vel

209 3682 299 3744 aliud
322 3684 479 3748 eiusmodi
501 3706 620 3750 nomen
643 3689 775 3770 gravius
800 3693 832 3751 et
855 3687 1013 3752 acerbius.

315 3795 360 3854 At
391 3793 476 3855 haud
503 3796 549 3856 ita
581 3799 675 3878 pauci
714 3798 776 3859 viri
811 3798 895 3860 docti
931 3800 967 3859 ut
1002 3794 1039 3858 G.
1075 3794 1100 3858 Ι.
1126 3793 1275 3879 Vossim,
1307 3771 1312 3782 ’

207 3901 386 3986 Fabricius,
418 3901 656 3984 Middletonius‚
691 3904 906 3990 Spaldingius,
938 3903 1098 3985 HandiuS,
1124 3902 1272 3988 OrelliuS,

207 4011 364 4094 Nobbius,
409 4010 612 4094 Leutsohius,
644 4013 795 4078 Baiterus
831 4017 856 4076 &
883 4013 1057 4094 Kayserus,
1104 4012 1137 4078 Ο.
1162 4013 1194 4076 F.
1219 4014 1271 4081 W.

208 4117 384 4186 Muellerus
407 4122 552 4186 iudicant
574 4121 635 4186 hoo
658 4143 787 4188 carmen
810 4124 896 4186 idem
920 4142 990 4187 esse
1014 4126 1110 4206 atque
1132 4123 1215 4188 illud
1232 4126 1271 4190 de

1064 4237 1098 4293 3*
