2998 4792
552 383 721 444 ⁷15

250 553 305 640 ,ὡς
326 554 397 645 κάκ’
422 558 593 645 ἐναιθέρια
616 554 771 645 πλαγίῳ
795 555 994 648 συναρηρότα
1017 555 1157 647 κύκλῳς

172 670 208 756 (i.
232 692 258 736 e.
283 678 466 734 transverso
490 669 611 732 circulo
635 669 808 751 signifero).

278 779 326 843 De
340 777 508 859 solstitiali,
525 779 759 861 aequinoctiali,
779 778 924 858 brumali,
942 779 1094 862 signifero
1113 781 1233 843 circulo

173 890 281 954 Cicero
307 889 384 952 dicit
405 908 435 951 r.
460 889 540 951 308:
654 893 656 896 ’

295 1002 456 1080 ,quattuor
478 997 512 1059 hi
535 1001 625 1060 motu
649 998 757 1061 cuncti
780 998 958 1060 volvuntur
981 995 1112 1066 eodem}

279 1106 351 1170 Hoc
384 1112 488 1170 autem
525 1126 591 1169 non
626 1107 665 1170 de
698 1111 849 1190 quattuor
875 1107 949 1188 illis,
977 1107 1034 1170 sed
1058 1106 1097 1169 de
1131 1106 1234 1170 tribus

174 1220 299 1279 tantum
323 1217 391 1299 pari
414 1216 583 1279 intervallo
618 1217 702 1280 inter
725 1235 759 1280 se
794 1215 988 1279 distantibus
1021 1216 1150 1279 circulis
1174 1236 1233 1298 pu-

174 1325 309 1388 tandum
332 1332 461 1389 estune
484 1345 559 1388 oum
578 1327 687 1402 Arato,
711 1326 797 1408 apud
822 1345 919 1408 quem
943 1318 1060 1407 τὰμὲν
1081 1326 1127 1407 (r.
1148 1322 1233 1406 534.)

174 1435 214 1498 ad
237 1441 298 1500 tres
321 1435 394 1498 illos
419 1435 568 1516 circulos
591 1427 643 1519 dyc
667 1440 774 1498 autem
799 1433 843 1522 (v.
864 1431 953 1516 537.)
978 1434 1018 1497 ad
1042 1434 1230 1517 signiferum

173 1545 389 1608 revocandum
414 1564 483 1609 esse
507 1545 714 1607 manifestum
737 1549 791 1608 est.

279 1653 421 1718 Maxime
445 1659 552 1717 autem
570 1636 753 1716 mirandum
772 1658 828 1735 est,
853 1658 973 1736 quanta
991 1672 1065 1716 cum
1089 1654 1233 1717 socordia

175 1762 285 1827 Cicero
308 1764 402 1827 illum
423 1763 529 1827 locum
541 1762 724 1843 reddiderit,
748 1781 811 1843 quo
829 1764 949 1824 Aratus
969 1762 1233 1845 ahemisphaerio

173 1874 413 1956 septentrionali
433 1874 550 1936 transit
569 1871 609 1933 ad
633 1870 848 1934 meridianum
865 1869 1117 1934 describendum.
1141 1871 1234 1935 Post-

175 2000 273 2060 quam
308 1983 393 2044 enim
429 1981 469 2044 ad
503 1987 683 2060 extremum
717 1980 756 2042 de
789 1978 948 2062 Delphino
984 1981 1057 2062 egit,
1092 1979 1233 2046 Graecus

173 2091 267 2169 poeta
289 2091 393 2170 pergit
416 2088 458 2174 (r.
483 2092 555 2154 319.
582 2093 674 2173 sqq.):

281 2195 359 2280 ,Ital
382 2193 424 2263 τὰ
446 2196 505 2282 μὲν
527 2187 583 2266 οὖν
603 2202 707 2286 βορέω
730 2196 788 2264 καὶ
811 2189 946 2286 daturos
967 2189 1090 2284 ἧελίοιο

278 2303 438 2394 μεσσηγὺς
460 2306 605 2389 κέχυται·
637 2304 678 2374 τὰ
702 2307 738 2374 δὲ
761 2304 877 2376 velada,
892 2309 1039 2373 τελλεκαι
1062 2299 1144 2374 ὂῖλλα

279 2411 387 2481 πολλὰ
409 2414 528 2500 μεταξὺ
551 2415 659 2484 νότοιο
682 2416 740 2484 καὶ
762 2411 887 2507 ἠελίοιο
909 2414 1083 2483 anteluca*

280 2523 406 2599 Quibus
429 2528 536 2592 verbis
561 2531 691 2592 omnino
713 2529 793 2593 falso
822 2528 862 2591 ad
896 2526 1092 2610 Delphinum
1125 2527 1233 2590 relatis

173 2633 282 2696 Cicero
306 2637 469 2720 vertit,(V.
495 2639 546 2704 99.
573 2638 672 2724 sqq.):

281 2746 322 2821 ,at
343 2763 416 2823 pars
437 2747 569 2839 inferior
591 2747 744 2831 Delphini
765 2748 835 2811 fusa
861 2747 990 2820 videtur

279 2851 364 2913 inter
387 2851 468 2916 Solis
492 2857 560 2936 iter,
584 2857 681 2919 simul
703 2859 788 2920 inter
805 2857 936 2920 flamina
958 2856 1056 2936 renti,

280 2959 406 3024 viribus
423 2965 561 3048 erumpit
585 2984 648 3047 qua
672 2967 790 3028 summi
813 2966 944 3047 spiritus
966 2961 1100 3028 Austri}

278 3065 368 3132 Haeo
402 3091 505 3153 pauca
538 3075 685 3157 exempla
720 3075 798 3136 satis
830 3074 943 3136 docere
971 3073 1050 3136 mihi
1072 3072 1232 3153 videntur,

171 3176 264 3238 illum
274 3197 339 3241 non
350 3180 564 3264 solumpaene
575 3184 692 3266 puerili
703 3189 812 3266 aetate,
824 3183 880 3247 sed
893 3185 988 3248 etiam
999 3202 1102 3267 paene
1114 3185 1233 3267 puerili

172 3303 246 3348 cum
263 3287 465 3371 indiligentia
478 3292 571 3356 Arati
585 3292 809 3358 Phaenomena
820 3294 854 3355 iu
866 3295 1012 3377 linguam
1024 3294 1232 3358 vernaculam

170 3397 382 3464 transtulisse.

277 3505 486 3591 Prognostica
518 3531 582 3593 quo
611 3518 752 3596 tempore
783 3531 936 3576 conversa
959 3513 1034 3594 sint,
1060 3512 1123 3575 viri
1147 3510 1231 3573 docti

171 3609 256 3673 inter
271 3632 305 3675 se
321 3616 498 3685 discedunt.
546 3621 684 3685 Corrado
707 3622 741 3703 (l.
766 3641 793 3688 o.
816 3643 846 3705 p.
873 3623 945 3685 193.
965 3642 1012 3705 sq.
1041 3648 1077 3676 =
1102 3641 1133 3703 p.
1157 3619 1233 3683 260.

171 3716 262 3802 Ern.)
281 3722 539 3794 adulescentulus
556 3736 587 3795 et
601 3730 828 3796 Phaenomena
851 3740 883 3795 et
898 3731 1106 3815 Prognostica
1122 3729 1231 3793 Cicero

171 3831 375 3916 convertisse,
398 3843 469 3918 post
492 3844 598 3904 autem
622 3860 649 3903 a.
673 3841 722 3904 60.
746 3841 823 3924 ipse,
838 3843 973 3904 Aratum
991 3860 1057 3902 non
1078 3841 1231 3921 imitatus,

171 3953 300 4000 carmen
342 3940 569 4027 ,Prognostica‘
607 3951 798 4033 inscriptum
838 3949 1055 4030 composuisse
1088 3949 1229 4012 videtur:

169 4062 244 4108 nam
268 4049 301 4111 in
325 4069 372 4135 ep.
397 4054 437 4117 ad
459 4056 524 4122 Att.
548 4056 589 4120 H.
616 4059 644 4124 1.
671 4060 720 4122 11.
744 4057 975 4144 (,Progn0stica
998 4055 1096 4144 mea‘)
1133 4062 1164 4122 et
1191 4058 1230 4122 de

171 4153 234 4219 div.
256 4158 282 4223 I.
307 4159 335 4227 8.
366 4165 416 4226 13.
450 4164 683 4251 (‚Prognostica
706 4168 790 4250 tua‘)
825 4168 1015 4250 pronomine
1049 4170 1229 4252 possessivo

166 4271 279 4348 ,meus
305 4275 356 4337 vel
379 4274 475 4358 ,tuus
511 4277 633 4363 adiecto
667 4295 796 4342 carmen
829 4276 991 4342 Ciceronis
1023 4279 1126 4362 ipsius
1161 4297 1229 4342 esse
